3004 4890
479 293 518 344 IN
536 293 568 355 Q.
587 291 788 344 CAECILIUM
805 291 950 352 ORATIO.
1253 292 1274 354 9

158 481 213 542 ego
236 463 404 524 adiumento
427 461 582 542 sperabam
605 463 681 522 banc
702 479 719 522 a
741 480 789 523 me
811 479 899 541 posse
925 462 1090 524 molestiam
1113 462 1271 535 demoveri,

158 547 187 608 id
216 547 289 608 mihi
318 556 382 610 erat
411 549 611 608 adversarium
639 549 776 607 maxime.
826 546 899 608 Nam
926 545 969 607 illi
996 546 1089 607 multo
1116 547 1189 608 mihi
1215 548 1273 609 boc

159 631 272 694 facilius
300 633 498 701 remisissent,
522 634 547 692 si
575 634 664 692 istum
686 648 746 692 non
769 638 891 692 nossent
919 639 970 692 aut
998 634 1023 692 si
1043 634 1099 693 iste
1122 632 1198 709 apud
1222 651 1273 694 eos

159 724 297 796 quaestor
326 735 386 777 uon
416 717 528 776 fuisset.
571 712 600 778 5.
623 715 774 777 Addamus
796 733 875 786 sum,
905 716 1031 784 iudices,
1053 717 1172 786 officio,
1204 712 1306 788 fideii

157 801 377 871 misericordia,
404 800 563 861 multorum
593 800 742 862 bonorum
765 800 916 878 exemplo,
939 808 1038 862 vetere
1060 801 1274 863 consuetudine

157 887 352 963 institutoque
374 887 530 954 maiorum,
554 894 587 948 ut
608 903 685 947 onus
707 885 793 946 huius
814 884 926 946 laboris
947 893 1034 965 atque
1057 885 1147 947 officii
1161 903 1221 947 non
1238 905 1274 946 ex

158 989 235 1041 meo,
258 969 310 1030 sed
334 987 525 1032 cumeorum
548 972 782 1032 necessariorum
805 978 939 1050 tempore
961 969 1033 1030 mibi
1054 971 1273 1049 suscipiendum

157 1062 303 1132 putarem.

243 1138 308 1210 Quo
330 1139 361 1199 in
383 1141 501 1217 negotio
524 1147 624 1200 tamen
639 1137 688 1200 illa
705 1157 754 1200 me
768 1155 826 1210 res,
851 1138 970 1208 iudices,
995 1137 1172 1209 consolatur,
1196 1141 1275 1218 quod

158 1223 232 1284 haec
255 1242 330 1304 quae
352 1223 467 1284 videtur
490 1241 554 1284 esse
576 1225 727 1284 accusatio
749 1241 815 1284 mea
836 1240 896 1284 non
911 1226 1009 1301 potius
1025 1225 1171 1286 accusatio
1186 1243 1274 1304 quam

157 1307 291 1370 defensio
314 1315 358 1368 est
380 1307 584 1370 existimanda.
614 1308 746 1371 Defeudo
763 1310 840 1370 enim
866 1307 974 1370 multos
995 1309 1145 1378 mortales,
1169 1307 1275 1370 multas

158 1394 304 1462 civitates,
335 1393 516 1472 provinciam
546 1391 675 1454 Siciliam
702 1400 802 1453 totam.
854 1391 1069 1462 Quamobrem,
1099 1394 1167 1473 quia
1201 1393 1275 1454 mihi

156 1493 233 1537 unus
260 1487 304 1538 est
331 1477 528 1546 accusandus
562 1495 656 1556 prope
683 1477 803 1538 modum
832 1495 953 1538 manere
981 1480 1012 1538 in
1046 1480 1179 1539 instituto
1206 1495 1274 1538 meo

159 1561 259 1622 videor
287 1568 316 1622 et
343 1579 403 1622 non
431 1563 550 1622 omnino
573 1580 590 1622 a
613 1561 808 1624 defendendis
835 1562 1005 1623 bominibus
1029 1562 1273 1639 sublevandisque

157 1645 320 1708 discedere.
357 1643 386 1708 6.
411 1647 521 1718 Quodsi
543 1646 621 1707 banc
643 1665 760 1708 causam
784 1655 843 1708 tam
865 1646 1011 1714 idoneam,
1037 1656 1093 1707 tam
1117 1646 1307 1716 illustranti

156 1739 216 1791 tam
233 1747 352 1808 gravem
375 1749 435 1791 non
457 1730 608 1800 haberem,
632 1732 656 1792 si
679 1738 728 1792 aut
749 1731 806 1792 hoc
828 1751 844 1792 a
866 1749 914 1792 me
936 1731 1027 1792 Siculi
1048 1749 1108 1792 non
1130 1735 1275 1810 petissent

158 1823 209 1875 aut
229 1815 302 1874 mibi
325 1832 392 1875 eum
408 1813 514 1876 Siculis
530 1833 617 1876 causa
634 1823 732 1876 tantae
752 1815 977 1878 necessitudinis
993 1834 1053 1876 non
1067 1815 1274 1885 intercederet,

159 1909 189 1960 et
209 1899 267 1960 boc
290 1900 368 1977 quod
392 1898 467 1960 facio
495 1918 542 1960 me
569 1901 613 1962 rei
640 1898 775 1978 publicae
803 1917 888 1961 causa
918 1898 1016 1961 facere
1043 1901 1213 1978 profiterer,
1242 1913 1275 1962 ut

157 1984 247 2045 homo
270 1983 412 2062 singulari
434 1985 602 2063 cupiditate,
626 1983 756 2055 audacia,
779 1983 892 2046 scelere
914 1984 1073 2064 praeditus
1097 1987 1180 2046 cuiuis
1196 1985 1273 2046 furta

157 2075 244 2146 atque
265 2067 372 2148 flagitia
395 2086 455 2128 non
477 2071 508 2128 in
531 2067 628 2130 Sicilia
652 2069 757 2139 solum,
781 2069 833 2130 sed
855 2071 885 2130 in
908 2070 1031 2140 Aefula,
1054 2071 1135 2138 Asia,
1165 2071 1272 2139 Cilicia,

158 2151 345 2232 Pamphylia,
380 2153 491 2216 Romae
518 2153 646 2233 denique
673 2145 741 2214 ante
769 2153 870 2214 oculos
897 2156 1029 2214 omnium
1059 2159 1186 2215 maxima
1212 2162 1275 2216 tur-

159 2350 306 2418 Caecilins,
318 2370 340 2404 s.
355 2353 412 2416 §59
426 2353 457 2407 ff.
481 2353 532 2404 Die
544 2351 691 2419 folgenden

157 2421 254 2472 Worta
277 2421 307 2472 in
336 2437 390 2472 saa
416 2421 564 2500 provincia
595 2421 691 2472 steben

158 2486 383 2540 bandscbriftlieb
396 2487 473 2540 nicht
504 2505 556 2540 ann
569 2487 692 2542 fastand

156 2504 692 2609 siudwehrscheinlicbfeffilerhafttiber-

158 2621 262 2686 liefert3
282 2622 354 2675 daun
372 2624 402 2676 in
420 2641 474 2676 sua
488 2623 533 2676 tir
550 2624 581 2676 in
598 2631 691 2678 nestra

157 2689 204 2742 der
213 2690 416 2743 directenReda
424 2690 462 2744 ist
471 2691 692 2758 ungewdhnlich‚

158 2757 214 2809 und
226 2757 306 2810 darin
325 2758 374 2810 hat
386 2757 520 2810 Caecilius
531 2776 582 2812 vor
595 2759 689 2812 Cicero

156 2825 256 2876 keinan
268 2825 392 2891 Vornug‚
409 2824 458 2876 der
466 2826 497 2892 ja
515 2827 582 2877 auch
596 2826 690 2889 Quae·

156 2899 215 2946 stor
226 2893 256 2944 in
267 2892 381 2945 Sicilien
392 2907 518 2959 geweaen
532 2909 598 2946 war.

192 2962 252 3025 Quo
268 2979 330 3026 eqo,
348 2960 378 3011 in
395 2960 592 3014 adversativam
609 2961 690 3015 Sina.

190 3029 253 3094 boc,
267 3027 315 3081 das
328 3045 397 3080 onus
409 3029 603 3082 accusationis.

191 3099 240 3160 Sb.
253 3097 400 3150 Adductae
409 3114 479 3162 anm,
489 3097 533 3149 ein
544 3096 690 3150 abachliea-

158 3161 253 3216 sandca
265 3163 440 3232 Asyndetone
455 3166 553 3230 officio,
557 3167 625 3232 fide,
638 3166 689 3217 mi-

156 3231 309 3284 sericordia
321 3231 456 3284 erliintere
472 3247 520 3285 aaa
537 3232 596 3286 dem
608 3232 689 3284 Vori-

157 3314 232 3416 fiamu
235 3301 398 3432 1ζιιιιὶτονὴιιπὲ
410 3302 543 3420 Ξιέηὲνιιπι
559 3302 687 3368 exemplo,

177 3383 235 3418 reru
254 3384 336 3420 erma
356 3385 369 3419 r
480 3407 486 3419 .

192 3452 247 3486 non
265 3453 298 3486 en
314 3452 371 3487 mec
387 3443 517 3503 tempore,
536 3434 561 3488 d.
572 3435 598 3488 h.
613 3435 689 3488 nicht

157 3500 317 3619 inhmeinam
330 3502 451 3621 {igilhen
463 3501 610 3622 Intiissfftm’
628 3503 690 3622 wei}

156 3586 334 3689 bibilla
349 3577 619 3706 attitulat
635 3588 690 3706 Ἐξ.

156 3705 267 3762 krinlct.
282 3705 689 3772 Zaneceseariornmvgl.Einl.

155 3777 174 3824 4
185 3771 264 3824 Anm.
280 3778 318 3830 15.

192 3857 247 3890 non
268 3842 362 3907 petius
377 3870 411 3880 -—
428 3857 511 3908 quam
534 3839 620 3894 aelian
644 3839 690 3894 fir

156 3907 689 3976 nontam—qnam,wiadaor.2§3li:

156 3976 186 4026 in
209 3993 265 4043 qna
289 3975 440 4042 (oratione)
462 3993 519 4028 non
536 3978 579 4030 cis
596 3977 691 4046 potins

156 4061 241 4108 quam
253 4045 398 4096 delectatio
409 4045 579 4111 postulatur.

192 4111 315 4177 defensio
339 4119 380 4163 eet
405 4112 604 4176 existimanda,
628 4111 691 4165 weil

155 4179 310 4246 patrocinii
331 4196 433 4244 cansa,
453 4196 474 4230 s.
486 4177 592 4234 uinta
610 4181 690 4233 Anna.

156 4249 189 4297 22
204 4244 260 4300 und
272 4251 296 4300 8.

776 2355 906 2405 mortales
918 2353 1003 2405 iifters
1014 2354 1057 2406 bei
1070 2354 1101 2405 C.
1115 2354 1144 2406 in
1157 2353 1274 2406 Verbin-

742 2421 818 2488 dang
830 2420 880 2474 mit
891 2423 971 2472 multi
985 2420 1041 2474 und
1053 2439 1152 2474 omnes.

776 2492 829 2552 56.
855 2487 933 2540 Auch
951 2489 1023 2541 ohne
1040 2487 1188 2543 besondere
1205 2489 1275 2541 Ver-

742 2555 913 2624 pflicbtnng‚
929 2556 972 2608 bei
989 2555 1159 2624 freiwilliger
1171 2558 1275 2610 Uaber-

744 2625 841 2677 nabme
853 2623 901 2676 der
912 2623 1039 2692 Anklaga
1050 2624 1146 2677 wfirde
1160 2625 1190 2677 C.
1200 2625 1275 2678 seina

743 2691 949 2759 Bereehtigung
982 2692 1017 2744 im
1048 2692 1274 2746 Stactainteresse

743 2759 850 2823 finden3
865 2760 922 2811 also
935 2761 976 2811 rei
987 2762 1116 2827 publicae
1127 2778 1224 2812 cansa.

743 2893 749 2906 ι
775 2845 890 2906 ennoean
901 2855 934 2863 —
951 2846 1053 2892 causa,
1070 2827 1115 2878 ein
1127 2826 1275 2908 Wortapiel

741 2893 944 3013 illitati
945 2911 1034 3013 {ilii
1043 2895 1274 3015 ‘titillabit

742 3027 1136 3099 Freundscbaftsverhdltniss3
1165 3030 1220 3098 vgl.
1245 3049 1273 3100 p.
1326 3091 1328 3096 ,

743 3096 855 3159 Quinct.
868 3100 885 3162 S
894 3101 941 3150 48:
955 3100 1064 3165 quicum
1075 3099 1127 3150 tibi
1136 3101 1276 3166 affinitas,

741 3165 873 3229 societas,
891 3182 983 3218 ornnes
999 3167 1118 3233 denique
1134 3174 1276 3219 causaest

740 3234 956 3287 necessitudines
988 3241 1091 3286 veteres
1123 3235 1274 3286 intercede-

740 3301 929 3446 ὔαῗιῖὶιίἆὶταίε
940 3390 974 3416 =
986 3367 1119 3432 avaritia3
1133 3370 1232 3422 scelere
1243 3367 1273 3420 in

739 3433 918 3502 Verbrudung
939 3435 989 3487 mit
1005 3435 1168 3488 Abstracteu
1191 3435 1275 3490 selbot

739 3501 769 3554 in
782 3503 946 3555 abstractam
958 3502 1038 3558 Sinn.

769 3572 900 3638 flaqitia,
917 3587 938 3623 a.
951 3574 968 3636 S
980 3577 1010 3635 33
1024 3573 1055 3624 in
1067 3572 1189 3636 Achaia,
1207 3571 1232 3622 d.
1248 3571 1272 3623 h.

742 3637 961 3705 Griechenlaud‚
978 3641 1061 3703 Asia,
1078 3639 1127 3692 der
1142 3639 1276 3703 Procius,

741 3706 771 3758 in
784 3706 836 3758 den
845 3707 949 3759 Jabren
961 3711 995 3760 80
1006 3706 1062 3758 und
1071 3711 1114 3772 79,
1127 3706 1166 3758 als
1179 3724 1209 3758 er
1220 3706 1273 3758 den

740 3773 910 3892 ProKraetor
920 3774 971 3826 Cn.
981 3773 1125 3854 Dolabella
1136 3773 1175 3826 als
1184 3773 1274 3840 Legat

742 3840 1272 3977 tttffitttittlttff‘ttittidli

741 3994 799 4029 non
815 3983 848 4028 ut
866 3979 974 4042 lanatas
991 3994 1018 4043 p.
1031 3977 1066 4028 R.
1080 3978 1128 4028 sed
1144 3984 1177 4029 nt
1188 3996 1274 4044 qaae·

741 4043 1272 4111 damealamitaepervadereoideretnr.

775 4112 892 4176 Romae,
913 4128 955 4163 wo
973 4128 1002 4164 er
1018 4111 1054 4164 im
1070 4111 1097 4165 J.
1112 4115 1145 4166 74
1161 4120 1274 4182 praetor

729 4225 730 4230 ,
742 4178 863 4231 urbanus
873 4195 997 4246 gewesen
1007 4197 1074 4233 avar.
1088 4181 1174 4232 Accl
1185 4185 1268 4243 §1202

741 4247 828 4300 redite
840 4247 1046 4315 tarwanensium,
1065 4248 1185 4314 indices,
1202 4265 1274 4314 qnae
