3004 4890
203 285 244 349 23
568 283 605 339 u,
619 283 747 334 noenu
765 279 959 334 emeramus

206 471 298 534 quum
322 453 436 530 etipse
459 451 579 513 Alienus
602 469 637 512 ex
661 469 694 510 ea
718 449 874 520 facultate,
897 453 921 510 si
950 465 1037 528 quam
1065 451 1170 520 habet,
1195 450 1327 529 aliquan·

96 603 99 610 ,
208 547 269 600 turn
293 536 480 598 detracturus
503 537 555 605 sit,
590 543 620 598 et
642 535 785 596 Caecilius
808 541 870 596 tenu
894 535 1021 614 denique
1050 553 1081 596 se
1109 535 1218 614 aliquid
1247 537 1327 598 iutu-

206 641 273 683 rum
297 627 393 702 putet,
424 622 450 681 si
471 619 591 682 hlieuus
613 621 712 681 miuus
735 621 896 682 vehemens
918 619 1008 700 luerit
1031 629 1060 682 et
1081 619 1137 680 sibi
1160 622 1270 701 primas
1297 623 1330 682 iu

208 706 333 768 diceudo
355 711 456 785 partes
479 705 668 765 concesserit.
699 703 844 775 Quartum
862 722 949 784 quem
967 706 1004 766 sit
1021 702 1190 775 habiturus,
1213 723 1273 766 uon
1288 707 1332 765 vi-

206 792 278 861 deo,
302 791 358 850 nisi
374 807 462 867 quern
481 787 556 850 lorte
573 806 608 848 ex
624 787 673 848 illo
689 806 780 868 grege
795 797 993 860 moratorum,
1017 791 1067 868 qui
1082 789 1330 869 subscriptionem

152 875 263 941 50sibi
286 873 491 954 postularunt,
522 874 697 954 cuicumque
720 891 771 936 vos
800 872 978 936 delationem
1008 873 1173 940 dedissetis.
1210 872 1261 938 50.
1286 874 1330 938 lix

207 958 315 1040 quibus
343 957 529 1020 alienissimis
559 957 743 1028 horninibus,
773 959 813 1018 ita
842 964 963 1038 paratus
988 959 1085 1028 venis,
1116 967 1149 1019 ut
1177 957 1229 1018 tibi
1258 959 1328 1022 hos-

207 1062 262 1125 pes
286 1043 391 1124 aliquis
414 1045 451 1104 sit
481 1043 678 1122 recipiendus.
724 1041 842 1114 Quibus
868 1059 925 1121 ego
953 1059 1014 1102 nou
1041 1061 1107 1104 sum
1134 1049 1249 1105 tantum
1278 1043 1330 1104 ho·

206 1147 312 1192 norom
347 1129 517 1198 habiturus,
556 1135 589 1187 ut
620 1125 656 1186 ad
692 1143 741 1195 ea,
779 1144 855 1206 quae
887 1127 1029 1196 dixerint,
1068 1135 1149 1188 certo
1181 1125 1248 1188 loeo
1281 1134 1333 1187 aut

208 1213 380 1294 singillatim
405 1213 583 1290 unicuique
614 1209 825 1291 respondeam:
862 1212 903 1272 sio
932 1210 1078 1282 breviter,
1106 1212 1246 1290 quoniam
1270 1227 1333 1271 nora

208 1297 360 1368 consulto,
384 1297 437 1358 sed
460 1313 529 1356 casu
545 1297 574 1356 iu
597 1313 699 1356 eorum
716 1297 897 1357 mentionem
912 1295 1018 1366 incidi,
1042 1297 1126 1376 quasi
1147 1297 1331 1376 praeteriens

207 1385 279 1444 satis
308 1383 414 1442 faciam
443 1381 598 1442 universis.
627 1378 701 1440 xvi.
735 1379 868 1440 Tantane
896 1379 980 1440 vobis
1007 1381 1106 1460 inopia
1134 1379 1237 1442 videor
1264 1397 1330 1440 esse

207 1468 390 1537 amicorum,
421 1473 455 1526 ut
477 1465 550 1525 mihi
572 1483 634 1526 nou
663 1483 698 1524 ex
721 1464 780 1536 his,
815 1481 890 1544 quos
912 1481 1030 1526 mecum
1058 1465 1244 1534 adduxerim,
1278 1463 1330 1524 sed

209 1552 245 1612 de
269 1549 380 1631 populo
403 1549 590 1628 subscriptor
611 1548 755 1610 addatur?
776 1548 858 1610 vobis
881 1557 979 1610 autem
1001 1556 1082 1610 tauta
1096 1551 1195 1627 iuopia
1210 1565 1330 1610 reorum

208 1643 267 1705 est,
297 1644 330 1696 ut
351 1634 424 1696 mihi
454 1651 570 1696 causam
601 1635 774 1713 praeripere
797 1634 946 1696 conemini
974 1635 1071 1712 potius
1100 1651 1188 1713 quam
1217 1631 1332 1711 aliquos

154 1721 194 1786 51
208 1720 244 1780 ad
268 1718 435 1780 columnam
457 1717 602 1780 Maeuiam
625 1721 714 1778 vestri
736 1718 848 1780 ordinis
863 1736 931 1779 reos
946 1719 1120 1797 reperiatis?
1142 1714 1193 1778 51.
1216 1715 1330 1778 ‘Custo-

208 1804 298 1874 dem’,
323 1804 432 1882 inquit,
463 1801 573 1864 ‘Tullio
601 1820 649 1863 rna
678 1804 838 1882 apponito'.
884 1801 979 1871 Quid?
1012 1802 1085 1862 mihi
1113 1819 1200 1882 quam
1229 1799 1328 1864 multis

240 2006 311 2066 349.
330 2003 508 2068 concesserit,
525 2001 612 2054 durch
625 2001 741 2054 Aulbie·
793 2003 869 2056 risus
879 2005 1035 2068 affectator'
1047 2002 1144 2066 Quint.
1152 2007 1239 2070 o,3,3.
1258 2002 1331 2056 Eine

207 2068 740 2136 tungallerKraftuiohtstreitigruacht.
792 2069 1029 2150 Haudbewegung
1059 2071 1163 2122 hdnnte
1192 2069 1241 2121 ihu
1267 2087 1332 2124 vcr=

242 2138 396 2204 Quartum,
430 2136 482 2187 deu
513 2135 742 2204 Hauptaukliiger
792 2136 957 2198 deutliohen.
992 2138 1043 2189 Dre
1060 2137 1259 2191 construction
1282 2138 1329 2190 des

206 2203 419 2271 mitgerechuet,
437 2203 480 2255 die
492 2203 594 2254 damals
610 2204 741 2270 gewdhu-
792 2205 888 2257 Satzes
905 2203 974 2256 wird
994 2203 1079 2256 durch
1096 2205 1156 2256 eine
1176 2204 1325 2272 parenthe-

206 2269 368 2324 lioheZahl.
391 2270 659 2324 Sowerdcuiudeu
670 2271 740 2324 Pro·
793 2271 880 2324 tische
910 2273 1095 2340 Beruerkung:
1126 2276 1168 2326 ito
1197 2281 1331 2341 paratos,

208 2356 300 2392 cesseu
315 2338 360 2391 des
373 2338 407 2392 L.
418 2337 537 2390 Murcus
551 2339 608 2391 und
620 2339 658 2391 Μ.
670 2339 742 2392 Cae·
793 2338 813 2393 i.
825 2356 847 2392 e.
859 2347 914 2392 tam
928 2339 996 2392 male
1008 2348 1131 2408 paratus,
1144 2342 1222 2392 nenia
1236 2347 1331 2393 unter-

207 2407 260 2460 lius
272 2406 332 2457 vier
341 2405 481 2472 Ankliigcr
493 2414 627 2473 genennt,
639 2423 660 2459 s.
672 2406 744 2460 diosc
795 2408 928 2471 brocham,
944 2424 1039 2460 woran
1052 2408 1109 2460 sich
1119 2407 1193 2460 daun
1205 2408 1253 2461 der
1263 2408 1332 2462 ltesc

207 2475 251 2540 R.‚
264 2473 323 2526 vier
336 2473 406 2526 auch
422 2473 458 2524 iru
470 2473 586 2526 Prooess
598 2475 644 2526 des
656 2475 744 2527 Scau·
796 2475 825 2526 in
839 2472 1043 2541 Abhiiugigheit
1056 2475 1226 2540 auschlicsst,
1239 2474 1291 2528 irie
1301 2475 1335 2530 iu.

207 2557 266 2608 ros,
279 2542 379 2592 Ancon.
390 2558 417 2620 p.
430 2545 471 2606 19,
485 2540 543 2592 und
551 2558 605 2593 von
615 2541 663 2593 der
672 2541 744 2594 Zahl
796 2543 882 2594 ciuem
893 2541 1028 2606 analogen
1039 2541 1101 2594 Feli
1110 2541 1155 2592 eiu
1165 2541 1230 2594 Aac.
1242 2559 1265 2594 c.
1277 2541 1333 2593 iol.

208 2608 256 2659 der
262 2605 455 2673 Verthcidrger
464 2616 526 2673 sagt
536 2607 744 2678 derselbcp.20:
797 2626 832 2660 au
845 2609 893 2660 das
903 2607 1017 2659 Verbum
1029 2607 1074 2659 des
1085 2608 1333 2674 Zwischensatzes,

208 2676 404 2741 Defenderam
413 2677 551 2728 Scaurum
561 2693 608 2728 oeae
619 2678 743 2744 patroni,
796 2675 829 2726 de
838 2692 896 2743 rep.
909 2677 1004 2738 1558:
1019 2677 1057 2741 ci,
1071 2683 1104 2728 ot
1113 2675 1213 2727 Graeci
1224 2676 1331 2738 dieunt,

208 2761 294 2810 patum
307 2744 344 2794 od
357 2741 387 2794 e'd
400 2750 584 2810 tempererare
597 2745 745 2811 quiequam
797 2760 889 2795 omnes
906 2743 1095 2796 oul‘Groecos
1118 2761 1176 2795 erse
1197 2750 1250 2794 acet
1266 2743 1331 2792 bor-

208 2811 339 2878 plurr'dus
356 2827 439 2877 qnam
456 2817 591 2878 quattuor
608 2819 743 2863 uteretur.
798 2811 889 2862 bores.
905 2808 1332 2878 UnudthigsohcintdieEmeu·

243 2885 430 2943 moratorum,
458 2877 502 2928 oin
520 2877 672 2947 Wortspiel
696 2878 746 2929 ruit
798 2875 1332 2947 datiouestreeipiendurmitTilguug

209 2953 366 3010 oratorum,
385 2944 418 2995 ob
435 2961 491 2996 vou
504 2945 601 2998 Cicero
619 2944 747 3012 gemacht
797 2962 851 2996 von
865 2954 904 2996 ut.
922 2944 985 3010 Vgl.
1000 2945 1070 2996 auch
1082 2951 1098 3010 §
1110 2950 1142 2997 41
1157 2963 1181 2998 a.
1194 2943 1229 2995 Ε.

209 3011 274 3064 oder
284 3011 369 3064 echon
379 3011 582 3078 vorgefundeu,
593 3012 681 3066 hleibt
693 3028 745 3064 uu·
832 3014 1023 3078 respondeum,
1031 3027 1052 3063 a.
1064 3016 1079 3074 S
1089 3016 1136 3076 443
1150 3013 1190 3063 sic
1200 3013 1331 3064 breviter.-

208 3077 315 3146 gewiss.
327 3080 744 3146 ‘Obtnrbotoresquoedumsor·
797 3077 854 3130 eine
872 3076 941 3128 wird
956 3077 1043 3129 durch
1059 3077 1107 3142 das
1125 3078 1226 3131 audere
1241 3078 1332 3132 erliiu-

209 3147 344 3212 dr'clospoe
356 3147 513 3196 causidicos
525 3147 680 3212 amarificat,
697 3147 746 3212 pai
798 3152 868 3206 terta
882 3146 965 3211 quasi
976 3149 1159 3212 praeteriens,
1170 3145 1310 3215 beildulig.

209 3213 416 3265 adhibebuntur
444 3213 482 3263 od
506 3229 610 3264 merom
636 3213 745 3278 socien-
830 3211 903 3269 XVI.
931 3213 964 3264 de
983 3215 1101 3281 populo,
1122 3213 1175 3268 wie
1195 3233 1223 3283 p.
1247 3215 1332 3269 Arch.

210 3283 288 3345 dam,
315 3283 380 3332 datm
404 3281 529 3332 meliores
552 3281 683 3333 advocati
699 3299 742 3334 re·
796 3281 1333 3350 §262podtoplepopolo,Brut.§3202

208 3351 747 3416 crearentureteodenuooompuroreart
796 3367 853 3400 non
870 3349 963 3416 poioie
985 3365 1059 3401 onus
1078 3344 1111 3400 ale
1126 3352 1242 3417 populo,
1267 3351 1334 3402 aber

209 3418 247 3466 od
260 3417 428 3484 dicendum&
448 3415 541 3469 Schol.
795 3416 831 3466 ib.
843 3420 927 3480 §altr
942 3433 998 3466 non
1012 3423 1108 3468 orator
1117 3433 1192 3468 onos
1205 3419 1333 3472 smaltis.

243 3484 439 3548 postularunt,
463 3499 525 3534 vom
551 3482 745 3536 Gerichtsvor-
830 3483 1032 3550 potiusquam,
1051 3483 1210 3546 stattdass3
1231 3487 1269 3536 ad
1287 3503 1332 3536 co-

209 3547 322 3614 stande,
334 3565 354 3600 s.
367 3547 441 3600 Einl.
458 3554 487 3612 13
501 3551 675 3617 cuicumque,
688 3550 744 3604 also
797 3552 921 3602 lumnam
930 3551 1089 3603 Maeniam.-
1101 3551 1222 3604 Auldom
1229 3551 1332 3604 Forum

211 3616 281 3669 auch
306 3615 365 3667 dem
390 3614 502 3681 Cicero,
528 3616 635 3668 obwohl
659 3632 745 3682 gagen
793 3616 878 3669 ‘stand
896 3616 957 3668 ciue
970 3617 1053 3670 Sdule
1070 3617 1120 3670 mit
1136 3618 1334 3672 einerllciter·

208 3683 419 3739 seiuenWilleu.
441 3681 507 3735 Meu
517 3682 590 3735 sieht
600 3699 649 3736 ans
659 3683 745 3735 dieser
797 3691 889 3736 statue
911 3700 945 3736 zu
961 3684 1056 3736 Ehreu
1078 3685 1124 3738 des
1147 3685 1177 3736 C.
1191 3685 1333 3753 Maenius,

209 3751 309 3817 Stelle,
319 3745 388 3803 'dass
400 3750 444 3801 bei
460 3749 509 3802 der
521 3751 660 3802 divinatio
673 3751 745 3802 auch
797 3750 846 3803 der
858 3750 894 3802 im
907 3751 933 3804 J.
946 3757 996 3806 338
1009 3753 1058 3804 mit
1068 3751 1199 3804 Camillus
1210 3753 1278 3806 fiber
1290 3754 1333 3806 dic

209 3818 277 3871 fiber
288 3818 332 3870 die
346 3817 503 3884 Zulassung
515 3816 562 3867 der
574 3819 744 3936 ⁸“⁶⁸⁰rh{'²⁰'
796 3818 912 3871 Latiuer
933 3818 1037 3884 gesiogt
1060 3817 1144 3870 hatte.
1168 3819 1229 3875 Liv.
1246 3825 1273 3887 8,
1291 3827 1332 3876 13.

211 3904 254 3937 res
271 3885 448 3938 entsohiedcu
465 3883 574 3948 wurde3
596 3885 651 3952 vgl.
697 3885 745 3936 inl.
796 3886 876 3938 Nach
900 3884 960 3936 dem
983 3883 1155 3938 Scholiasten
1182 3887 1277 3942 hatten
1301 3890 1330 3941 in

210 3953 289 4005 Auru.
303 3958 318 4004 6
332 3953 425 4006 und&
689 3954 690 3958 ’
797 3954 879 4006 deren
895 3952 973 4003 Nfihc
989 3951 1034 4004 die
1051 3960 1106 4005 tres
1124 3955 1180 4006 viri
1197 3958 1354 4023 capitoleo·

243 4023 309 4083 §ab
331 4020 519 4085 alienissimis,
529 4019 653 4086 dirgane
663 4020 745 4072 frem—
796 4021 840 4072 ihr
849 4019 986 4072 Tribunal
998 4037 1047 4074 zur
1061 4020 1265 4090 Aburtheilung
1277 4041 1332 4077 von

212 4087 273 4142 den.
301 4085 371 4138 Zum
388 4087 505 4138 Alienus
523 4088 594 4140 noch
612 4086 656 4138 eiu
674 4089 743 4140 olie-
796 4087 931 4150 Sklaven,
949 4086 1053 4140 Dieheu
1073 4089 1128 4142 uud
1145 4090 1266 4144 anderen
1284 4107 1332 4158 ge·

210 4155 357 4219 eiecimus,
375 4152 445 4204 auch
461 4153 556 4206 diesen
568 4156 657 4221 Spuss
668 4155 743 4207 houn
796 4154 902 4206 meineri
914 4155 1112 4210 Verbrcohcru.

209 4237 273 4273 man
286 4220 384 4274 Cicero
401 4226 551 4286 uutraucn,
570 4222 610 4274 als
628 4223 743 4274 ‘nimios
830 4226 846 4286 S
863 4227 904 4274 51.
933 4225 1093 4292 Custodem,
1115 4223 1142 4278 d.
1162 4224 1188 4276 h.
1208 4223 1247 4277 als
1268 4225 1334 4278 sub-
