3004 4890
492 282 531 334 m
550 278 990 355 a..canmu1umonar10.·3
1080 276 1082 278 ’
1250 281 1293 345 29

168 453 346 517 custodibus
369 469 444 531 opus
465 451 537 520 erit,
561 451 636 510 aito
658 447 751 510 semel
773 449 809 510 ad
831 467 912 510 meas
935 467 1037 529 capsas
1052 449 1218 512 admisero?
1242 454 1292 532 qui
1324 511 1328 516 ,

172 558 232 600 non
255 537 350 599 solum
374 534 505 616 nequid
528 535 679 602 enunties,
704 533 755 594 sed
778 535 866 594 etiam
889 551 927 596 ne
949 534 1019 612 quid
1038 535 1168 605 auferas,
1194 543 1292 598 custo·

170 624 298 686 diendus
320 623 371 683 sis.
418 620 477 681 Sed
499 619 536 680 de
558 621 614 679 isto
637 617 758 680 custode
787 626 850 680 teto
873 620 914 678 sic
937 617 1020 679 vohis
1042 617 1216 681 brevissime
1244 639 1292 682 re·

167 707 341 788 spondebo:
365 721 427 766 non
442 720 507 765 esse
522 704 591 772 hos,
614 703 687 764 tales
708 703 800 772 viros,
824 703 1050 773 commissuros,
1074 712 1107 765 ut
1122 703 1158 764 ad
1175 721 1294 766 oausam

167 801 298 861 tautam,
329 809 345 850 a
368 807 416 850 me
437 795 619 867 susceptam,
644 787 719 848 milri
741 785 898 858 creditam,
931 788 1088 866 quisquam
1110 787 1294 866 subscriptor

174 877 335 936 melanito
358 875 490 952 aspirare
512 873 615 950 possit.
647 871 763 932 Etenim
786 871 859 932 tides
881 889 946 932 mea
970 871 1122 933 custodem
1145 873 1291 951 repudiat,

170 959 325 1038 diligentia
349 957 563 1038 speculatorem
586 956 769 1016 reformidat.

257 1040 309 1105 52.
331 1045 441 1104 Verum
463 1050 494 1102 ut
517 1041 553 1101 ad
575 1047 619 1110 te,
644 1040 763 1108 Caecili,
787 1039 922 1109 redeam,
946 1057 1033 1118 quam
1056 1039 1145 1100 multa
1169 1047 1197 1100 te
1220 1039 1344 1104 deli-52

168 1129 255 1188 ciant
268 1128 365 1195 vides;
382 1143 469 1208 quam
483 1125 576 1186 multa
591 1125 651 1186 sint
666 1126 696 1185 iu
711 1134 756 1194 te,
773 1141 847 1202 quae
863 1141 933 1184 reus
948 1140 1059 1184 nocens
1075 1126 1106 1184 iu
1122 1131 1295 1186 accusatore

169 1230 228 1273 suo
263 1214 361 1290 cupiat
389 1227 471 1279 esse,
506 1210 641 1289 prolecto
675 1211 732 1270 iam
762 1206 910 1286 intelligis.
956 1206 1032 1276 Quid
1063 1208 1099 1267 ad
1136 1209 1209 1269 haec
1237 1209 1295 1270 dici

174 1297 287 1374 potest?
321 1313 382 1358 non
405 1297 484 1355 enim
507 1312 617 1374 quaero
640 1291 708 1371 quid
732 1299 764 1352 tu
788 1293 920 1352 dicturus
942 1293 996 1351 sis:
1030 1291 1114 1352 video
1141 1293 1213 1353 milri
1235 1310 1294 1354 non

172 1389 219 1450 te,
242 1379 293 1440 sed
316 1379 397 1440 hunc
419 1377 528 1440 librum
553 1396 616 1439 esse
638 1393 866 1456 responsurum,
891 1394 978 1455 quem
1004 1378 1135 1438 monitor
1156 1387 1224 1437 tuus
1246 1377 1295 1438 hic

173 1472 274 1535 touet;
299 1465 348 1544 qui
371 1466 396 1523 si
417 1473 447 1524 te
470 1470 551 1523 reete
573 1479 697 1522 monere
720 1461 813 1530 volet,
836 1458 973 1521 suadebit
993 1458 1047 1520 tihi
1068 1468 1102 1521 ut
1117 1461 1186 1522 hinc
1201 1461 1295 1522 disee·

178 1548 230 1610 das
252 1567 350 1628 neque
378 1547 453 1608 mihi
479 1547 601 1608 verloum
630 1545 721 1606 ullum
746 1545 940 1624 respondeas.
986 1544 1062 1616 Quid
1091 1547 1169 1605 enim
1193 1545 1295 1606 dices?

174 1651 213 1694 ¹au
241 1633 270 1693 id
306 1631 386 1710 quod
417 1631 548 1706 dictitas,
582 1632 721 1691 iniuriam
748 1629 802 1690 tihi
830 1629 934 1690 iecisse
964 1627 1107 1689 Verrem?
1142 1629 1294 1699 Arbitrum

177 1735 275 1796 neque
298 1719 376 1777 enim
400 1723 479 1776 esset
502 1714 696 1786 verisimile,
720 1731 811 1794 quum
836 1713 975 1774 omnibus
997 1711 1103 1775 Siculis
1124 1713 1237 1775 faceret
1250 1716 1295 1774 iu-

172 1803 279 1870 iuriaa,
317 1811 346 1862 te
374 1800 416 1861 illi
444 1817 536 1860 unum
566 1800 706 1861 eximium
735 1800 783 1860 cui
813 1797 982 1860 consuleret
1010 1797 1110 1859 luisse.
1144 1795 1197 1860 53
1234 1797 1294 1859 Sed
1304 1795 1346 1861 53

174 1886 287 1947 caeteri
310 1885 400 1945 Siculi
422 1884 549 1946 ultorem
573 1901 694 1946 suarum
722 1884 898 1944 iniuriarum
921 1884 1113 1942 invenerunt:
1144 1891 1195 1949 tu.
1225 1883 1294 1944 dum

178 1977 244 2031 tuas
267 1971 388 2029 iniurias
409 1987 464 2048 per
488 1977 532 2037 te,
561 1969 591 2028 id
621 1969 698 2045 quod
727 1985 787 2028 non
810 1975 910 2046 potes,
936 1969 1079 2046 perseqm
1101 1968 1232 2039 conaris,
1266 1968 1295 2027 id

172 2056 238 2132 agis
260 2063 292 2114 ut
314 2062 499 2115 caeterorum
522 2071 639 2132 quoque
662 2053 788 2114 iniuriae
811 2053 869 2112 sint
887 2052 1048 2130 impunitae
1064 2059 1152 2130 atque
1166 2050 1294 2120 inultae;

171 2148 205 2198 et
227 2138 285 2199 hoc
299 2145 337 2198 te
359 2137 515 2215 praeterit,
550 2155 609 2196 uon
632 2137 660 2196 id
685 2136 780 2198 solum
803 2137 931 2216 spectari
954 2133 1068 2204 solere,
1103 2136 1152 2214 qui
1180 2135 1295 2206 debeat,

178 2223 230 2283 sed
254 2224 345 2282 etiam
366 2221 452 2290 illud,
483 2222 532 2302 qui
561 2222 655 2299 possit
676 2220 793 2290 ulcisci;
828 2222 858 2279 in
882 2238 940 2299 quo
963 2227 1121 2298 utrumque
1145 2222 1196 2286 sit.
1226 2238 1293 2280 eum

178 2307 362 2384 superiorem
386 2323 467 2373 esse,
496 2309 527 2364 in
551 2323 608 2383 quo
631 2304 773 2376 alterum,
802 2307 832 2363 in
855 2322 890 2364 eo
913 2321 974 2363 non
996 2304 1065 2383 quid
1088 2305 1113 2363 is
1137 2303 1219 2373 velit,
1243 2304 1295 2364 sed

175 2390 246 2468 quid
274 2392 374 2451 lacere
401 2391 508 2469 possit,
547 2391 651 2468 quaeri
680 2388 786 2451 solere.
823 2384 876 2448 54.
912 2385 1023 2456 Quodsi
1053 2390 1081 2448 ei
1107 2385 1348 2467 potissimum54

175 2492 282 2536 censes
315 2475 447 2553 permitti
475 2481 616 2552 oportere
650 2473 809 2534 accusandi
835 2479 1025 2552 potestatem,
1065 2475 1113 2532 cui
1139 2474 1297 2534 maximam

172 2557 208 2619 C.
222 2559 330 2619 Verres
345 2561 481 2620 iniuriam
499 2557 615 2628 iecerit,
631 2565 731 2618 utrum
747 2557 867 2618 taudem
883 2574 986 2617 censes
1000 2556 1055 2617 hos
1072 2555 1214 2637 [iudices]
1230 2575 1296 2635 gra·

179 2645 243 2703 vius
265 2643 344 2704 terre
367 2651 519 2722 oportere,
543 2651 572 2702 te
596 2641 632 2703 ab
655 2641 705 2702 illo
729 2660 793 2702 esse
814 2639 926 2701 laesum
950 2658 987 2701 an
1016 2643 1198 2720 provinciam
1222 2643 1296 2704 Sici·

178 2726 248 2786 liam
271 2734 491 2786 asseverarem
514 2744 548 2786 ac
571 2727 734 2806 perditam?
757 2725 883 2804 Opinon,
908 2725 1055 2786 concedes
1079 2724 1170 2784 multe
1192 2725 1249 2785 hoe
1267 2735 1296 2786 et

169 2873 293 2954 scriptor
305 2889 367 2926 aum
379 2871 509 2926 Wdchter
520 2889 609 2940 gagen
627 2890 708 2942 prae·
794 2875 932 2940 Arbitror,
944 2872 995 2925 wie
1006 2873 1072 2927 Ter.
1083 2871 1157 2926 Eun.
1173 2881 1197 2942 1,
1209 2879 1236 2942 2,
1248 2879 1295 2928 30:

173 2941 324 3004 varicati03
340 2943 446 3020 lupuit,
459 2941 535 2993 einer
547 2959 600 2994 von
613 2942 708 3008 ihneu,
760 2941 906 2994 Civemne?
935 2941 1078 3002 Arbitrum
1105 2949 1209 2994 certum
1238 2959 1295 2994 mon

174 3009 227 3063 wie
242 3009 327 3060 ditare
344 3016 394 3060 nut
411 3009 626 3062 unbestimmtera
639 3010 709 3062 Sub·
761 3010 870 3061 ammae.

171 3077 242 3144 ject3
256 3093 366 3144 capsae,
378 3076 406 3126 in
416 3076 503 3128 denen
511 3075 544 3129 C.
552 3077 596 3128 die
606 3077 709 3129 belref-
795 3083 865 3128 esset
873 3076 1021 3128 uerisimile
1030 3075 1076 3128 fir
1085 3083 1126 3128 est
1135 3095 1160 3128 o.
1166 3096 1175 3137 ,·
1183 3077 1296 3129 eiurar-

173 3143 273 3197 fenden
292 3143 494 3196 Beweisstdcke
514 3145 709 3196 euibcnaltren
761 3143 890 3196 einzeltes
909 3143 1043 3212 Beispiel‚
1061 3161 1141 3197 menn
1161 3144 1239 3197 nicht
1252 3144 1296 3196 ein

175 3211 245 3275 wilt,
264 3211 394 3262 hdlaerne
407 3210 532 3263 Bdchaen
547 3211 597 3262 mit
608 3211 710 3262 Declrel
762 3210 862 3264 rahier
873 3211 921 3262 der
933 3211 996 3264 Hes.

175 3295 201 3329 u.
215 3278 338 3344 maman,
356 3278 444 3330 werin
457 3277 500 3330 die
513 3278 709 3330 Bdoherrollen
796 3279 922 3330 omnibus
934 3280 961 3332 S.
981 3277 1051 3330 allen
1069 3276 1203 3344 anderen,
1221 3295 1242 3332 a.
1261 3295 1295 3330 zu

175 3345 302 3398 aufreclrt
313 3345 533 3412 hiueingeateelrt
544 3345 666 3401 wurden.
762 3347 778 3408 S
792 3349 823 3398 16
837 3345 894 3396 und
905 3343 980 3396 Einl.
994 3351 1008 3397 't
1023 3343 1102 3397 Auru.
1114 3351 1155 3401 30.

210 3416 243 3464 de
262 3415 316 3464 isto
339 3417 452 3464 custode
472 3421 529 3466 toto
546 3437 579 3458 =
596 3413 628 3464 de
650 3419 709 3466 toto
796 3413 925 3464 eaimium
937 3411 982 3464 fir
990 3417 1155 3481 exemptum,
1169 3413 1220 3466 wie
1228 3413 1295 3465 Ter.

174 3480 393 3546 genereiatorum
400 3481 553 3534 custodum.
562 3479 710 3534 Wirbrau-
761 3479 828 3534 Hac.
842 3483 867 3545 1,
885 3485 909 3546 t,
926 3484 955 3532 9:
976 3481 1052 3533 Utia’
1065 3482 1195 3533 aminnium
1211 3483 1295 3532 nemi-

172 3549 244 3600 chen
256 3547 300 3599 ein
315 3548 497 3600 Abstreotum.
761 3565 822 3600 nem
840 3549 976 3599 iubeam?
997 3547 1053 3600 und
1068 3546 1130 3602 Liv.
1144 3553 1170 3616 t,
1189 3554 1231 3613 et,
1250 3552 1295 3598 11:

209 3618 367 3683 adspirare,
381 3633 401 3668 a.
416 3629 450 3666 au
465 3619 533 3678 §aa
761 3623 795 3667 tu
815 3633 890 3667 unua
914 3616 1031 3669 eximius
1053 3633 1094 3682 es,
1118 3617 1149 3668 in
1169 3631 1223 3682 quo
1246 3615 1297 3666 doc

208 3685 408 3749 speculatorem
421 3681 578 3735 adversarii.
594 3691 599 3704 ¹
761 3683 943 3750 praecipuum
954 3692 982 3736 et
993 3685 1138 3750 simpulum
1149 3682 1263 3735 soleat?

208 3749 710 3817 352,Uebergangaumdritten'fheil
795 3753 872 3814 553.
902 3752 933 3803 td
954 3754 1027 3818 pund
1050 3768 1107 3803 noa
1130 3759 1220 3818 putea,
1245 3748 1297 3802 wie

167 3816 223 3868 -der
247 3818 465 3884 argumentatio,
493 3817 542 3870 der
564 3817 650 3869 sehon
672 3817 709 3870 im
762 3821 778 3881 5
790 3818 867 3870 diff.
880 3817 1068 3871 erwieseuist.

173 3883 305 3951 Eingang
333 3885 483 3938 berdhrten
512 3887 616 3952 Frage:
647 3894 710 3938 uter
795 3883 1295 3954 quidebeat‚·paeipuaalt‚i.e.qualia,

173 3954 293 4003 maiorer
311 3971 412 4004 causus
427 3955 542 4021 laudaut,
561 3971 582 4009 s.
597 3952 670 4007 [tint
683 3958 709 4018 8,
761 3951 814 4004 wie
826 3953 875 4019 pul
886 3953 925 4002 eia
938 3955 953 4016 ς
966 3957 999 4004 20
1012 3951 1067 4003 und
1079 3956 1121 4007 at.

175 4019 225 4102 mp‘t
253 4019 479 4090 {decapitulation
514 4019 560 4074 dea
594 4019 708 4088 vorigen
795 4021 926 4085 alterum,
946 4019 1098 4086 deserete,
1117 4018 1296 4072 nichtalter-

175 4090 237 4150 §2'1
250 4083 281 4143 tf.
761 4094 857 4140 utrum
874 4087 913 4153 (a.
934 4085 981 4154 l),
1002 4087 1062 4140 dem
1084 4087 1132 4140 dae
1154 4087 1295 4154 Folgeude

208 4152 709 4223 redeamnachderDigresaiongegeu
761 4153 958 4224 widemprieht.

168 4219 218 4274 die
228 4221 437 4293 subscriptores
796 4227 811 4288 §
824 4227 864 4276 ut.
883 4230 978 4276 utrum
990 4223 1027 4276 ist
1038 4223 1086 4275 das
1098 4223 1262 4276 Pronomen.
