3006 4880
231 307 272 374 22
595 312 632 363 Μ.
647 313 775 364 TULLII
794 313 985 366 CICERONIS

181 475 223 542 36
233 479 363 551 iudiciis,
392 481 506 560 legibus
538 489 587 543 aut
615 484 691 543 ratio
713 490 764 544 aut
786 484 976 544 exercitatio?
1008 481 1059 546 36.
1085 485 1234 563 intelligo,
1263 506 1351 568 quam

234 564 391 645 scopuloso
415 565 584 646 difficilique
607 566 638 626 in
654 565 718 626 loco
733 583 850 635 verser:
875 585 942 628 nam
959 585 1050 646 quum
1066 572 1162 631 omnis
1177 571 1351 651 adrogantia

232 649 332 712 odiosa
354 658 413 720 est,
436 658 499 710 tum
514 649 563 711 illa
586 651 698 730 ingenii
713 657 802 732 atque
819 650 1003 733 eloquentiae
1019 653 1111 714 multo
1132 653 1349 718 molestissima,

195 735 199 744 '
231 732 430 804 Quamobrem
453 734 526 796 nihil
548 735 614 795 dico
636 734 673 795 de
695 752 762 796 meo
784 737 918 813 ingenim
949 755 1047 817 neque
1069 740 1217 818 estquod
1238 743 1350 819 possim

230 818 344 890 dicere,
375 838 486 899 neque,
516 821 540 880 si
563 826 656 889 esset,
687 818 828 881 dicerem.
862 824 919 881 Aut
946 823 1025 883 enim
1052 822 1080 881 id
1104 822 1178 883 mihi
1204 826 1275 886 satis
1297 834 1349 896 cst,

230 904 307 980 quod
333 914 378 965 est
400 903 436 964 de
463 921 511 964 me
535 904 697 981 opinionis,
721 904 865 984 quidquid
888 914 945 974 est,
976 914 1039 975 aut,
1068 907 1094 965 si
1116 907 1144 967 id
1168 927 1271 987 parum
1295 917 1348 979 est,

179 980 220 1045 37
234 1005 288 1066 ego
311 989 404 1048 maius
425 987 454 1048 id
484 987 744 1048 commemorando
767 989 866 1050 lacere
894 1007 954 1049 non
978 1007 1108 1069 possum.
1136 991 1198 1053 llll.
1227 991 1278 1055 37.
1308 993 1349 1054 De

229 1081 275 1140 te,
306 1071 412 1133 Caecili
433 1073 555 1132 -iam
578 1072 748 1134 mehercule
770 1073 827 1134 hoc
849 1081 932 1135 extra
954 1074 1031 1136 hanc
1047 1079 1267 1138 contentionem
1284 1095 1348 1138 oer-

232 1165 390 1236 tamenque
413 1161 547 1217 nostrum
577 1155 761 1218 iamiliariter
788 1165 888 1219 tecum
910 1157 1014 1238 loquar
1036 1166 1132 1219 -tu
1155 1161 1217 1240 ipse
1246 1179 1349 1241 quem·

230 1241 389 1301 admodum
414 1241 577 1311 existimes,
602 1241 668 1301 vide
692 1243 778 1303 etiam
802 1249 889 1321 atque
912 1245 1000 1303 etiam
1023 1251 1052 1304 et
1073 1249 1106 1302 tu
1127 1253 1157 1305 te
1185 1242 1291 1322 collige
1321 1256 1350 1308 et

231 1328 281 1404 qui
303 1328 351 1386 sis·
367 1334 396 1385 et
424 1325 494 1404 quid
523 1326 621 1408 iacere
652 1329 748 1403 possis
775 1326 939 1388 considera.
985 1327 1112 1388 Putasne
1141 1335 1170 1388 te
1196 1346 1285 1408 posse
1313 1331 1349 1390 de

229 1410 364 1470 maximis
387 1409 643 1488 acerbissimisque
673 1409 776 1480 rebus,
811 1429 902 1490 quum
932 1427 1050 1472 carrsam
1079 1413 1227 1474 sociorum
1256 1414 1347 1475 iortu·

229 1511 340 1571 erasque
373 1495 557 1572 provinciae,
601 1495 647 1554 ius
679 1495 782 1574 populi
813 1494 939 1556 Romani
981 1497 1210 1576 gravitatemque
1243 1498 1344 1559 iudicii

228 1576 385 1658 legumque
407 1580 588 1658 susceperis,
611 1585 655 1638 tot
676 1595 739 1654 res,
764 1586 824 1639 tam
846 1597 966 1658 graves,
989 1589 1048 1640 tam
1065 1581 1158 1641 varias
1174 1599 1260 1652 voce,
1284 1601 1346 1644 me·

161 1653 338 1732 ‘38m0ria‚
362 1661 500 1732 consilio,
528 1664 647 1740 ingenio
670 1663 836 1724 sustinere?
862 1659 913 1724 38.
937 1664 1064 1726 Putasne
1086 1672 1116 1724 te
1138 1683 1239 1743 posse,
1270 1683 1346 1746 quae

230 1745 260 1808 C.
285 1747 393 1807 Verres
414 1749 445 1806 in
474 1755 647 1825 quaestura,
682 1766 758 1827 quae
785 1749 815 1807 in
844 1746 1005 1827 legatione,
1040 1766 1115 1828 quae
1137 1751 1169 1809 in
1196 1744 1344 1828 praetura,

229 1849 304 1911 quae
326 1831 453 1902 Romae,
477 1849 552 1910 quae
574 1831 723 1906 initalia,
748 1834 869 1910 quaein
891 1832 1013 1904 Achaia,
1037 1835 1102 1894 Asia
1119 1834 1347 1914 Pamphyliaque

228 1917 374 1993 peccarit,
399 1934 448 1986 co,
472 1915 721 1994 quemadmodum
744 1917 817 1978 locis
839 1916 1081 1997 temporibusque
1100 1917 1191 1979 divisa
1206 1920 1278 1989 sint,
1303 1922 1346 1980 sic

228 1999 403 2061 criminibus
425 2007 455 2060 et
477 2001 611 2060 oratione
634 2000 833 2079 distingueret
867 2001 994 2062 Putasne
1016 2020 1120 2081 posse,
1151 2001 1180 2061 id
1210 2003 1286 2082 quod
1316 2006 1347 2066 in

227 2166 362 2217 sustineri
390 2165 420 2217 in
447 2164 600 2217 demselben
626 2165 688 2218 Bild
712 2167 763 2219 wie
848 2167 1289 2235 881818,81811188181818820.

228 2233 381 2300 recepere,
394 2231 449 2299 rgl.
463 2236 478 2296 ς
491 2237 524 2286 37
536 2249 561 2285 a.
575 2233 610 2285 Ε.
849 2235 1347 2302 818888818ιὶ8ν81188888108188ο1118

262 2309 313 2352 out
333 2302 407 2352 ratio
429 2308 481 2353 out
501 2302 674 2365 exercitatio,
696 2301 721 2352 d.
735 2301 761 2358 h.

227 2367 408 2420 theoretische
428 2367 579 2421 Kenntniss
602 2368 658 2420 und
678 2369 761 2437 pruk-

225 2434 312 2554 tsisclhe
335 2434 468 2501 Uebung,
491 2453 513 2490 s.
536 2434 708 2502 Nigelsboch
728 2435 760 2488 L.

250 2503 290 2554 ti.
325 2507 401 2555 .170.

261 2573 277 2633 §
295 2519 336 2622 iii.
366 2571 509 2638 scopuloso
527 2571 607 2621 -in
625 2572 695 2634 loco,
718 2571 761 2622 bei

229 2653 280 2689 uns
301 2635 351 2688 mit
371 2636 458 2688 ciuem
480 2636 585 2688 andern
601 2636 679 2688 Bild:
702 2639 765 2690 ‘aui

226 2703 314 2756 einem
327 2702 403 2756 schhi
424 2703 514 2770 frigeo
527 2703 643 2756 Bodeu’.

264 2773 316 2824 illo
349 2723 561 2824 nacidrtickltch
597 2772 674 2840 ‘jene
708 2773 761 2824 mir

225 2839 326 2904 ferne’,
335 2838 456 2906 dagegen
466 2857 491 2908 p.
501 2839 583 2894 Arch.
595 2842 611 2903 S
618 2845 664 2893 28:
677 2858 760 2907 prae—

226 2915 269 2958 ter
299 2909 371 2959 bono
401 2907 577 2974 (mercedem)
609 2908 704 2960 laudis
734 2917 761 2960 81

225 2977 346 3041 pieriae,
363 2973 473 3028 ‘diesem
487 2975 555 3040 hier,
573 2991 626 3026 von
643 2973 702 3026 dem
715 2975 759 3026 ich

226 3041 313 3107 rede'‚
324 3059 345 3097 s.
359 3041 386 3096 d.
401 3044 522 3094 Gremm.

260 3109 341 3160 id-
359 3110 511 3176 opinionis,
533 3106 581 3160 des
598 3107 691 3161 Mones
712 3109 761 3162 der

218 3174 464 3244 -gutenllleinung.

260 3247 276 3308 S
289 3247 332 3296 37.
351 3243 432 3296 Dete
448 3243 484 3295 181
500 3243 536 3296 im
551 3244 709 3310 Gegensetz
725 3259 759 3294 zu

226 3315 259 3364 de
275 3329 333 3364 meo
349 3312 460 3378 inpenio
478 3311 693 3380 vorangesteitt,
711 3327 759 3378 ge-

224 3379 289 3431 hdrt
299 3380 365 3431 eber
377 3395 412 3431 nu
425 3379 569 3432 existimer.

257 3447 440 3512 familiariter
448 3475 480 3484 -
490 3447 597 3515 loquor.
611 3445 763 3500 Mun‘tnhtc

226 3512 269 3565 die
286 3513 378 3564 Ironie
393 3513 422 3564 in
440 3512 538 3566 diesem
550 3515 630 3566 Tone
646 3514 760 3566 freond-

224 3579 566 3647 soheftlicherWarnung.
590 3580 761 3634 DerRhetor

225 3648 277 3702 Iul.
298 3647 464 3700 Rufinianus
485 3649 562 3700 iiihrt
582 3647 655 3700 diese
676 3648 760 3701 stelle

226 3716 266 3769 als
279 3714 398 3786 Beispiel
409 3715 457 3768 der
470 3709 675 3779 ἄνακοίνωσις,
688 3733 759 3768 com-

225 3785 388 3850 municatio,
399 3799 445 3848 on,
455 3791 551 3850 ‘quum
561 3791 613 3836 ont
622 3785 698 3851 ipsos
708 3785 760 3835 od-

226 3854 366 3904 ocrearice
374 3852 546 3904 consulimus
556 3857 608 3903 aut
616 3869 677 3903 cum
686 3851 761 3904 iudi·

226 3919 303 3970 cibue
316 3921 522 3971 deliberamue'.
687 3973 690 3982 ,

258 3987 405 4051 1888111198,
425 3986 507 4039 uimm
520 3984 582 4037 dich
595 4001 760 4050 zusammen,

225 4051 338 4104 besinne
349 4051 427 4118 dish,
439 4053 522 4106 Tusc.
533 4057 574 4118 4§
584 4057 629 4106 78:
643 4054 761 4120 quidest

227 4128 319 4173 antem
332 4137 360 4170 ee
372 4121 464 4188 ipsum
473 4122 665 4187 colligereniai
677 4121 761 4173 disai-

214 4189 310 4254 *patuo
320 4188 408 4239 animi
417 4197 512 4255 portes
518 4205 631 4241 rursum
641 4189 671 4240 in
678 4205 759 4240 suurn

178 4319 180 4324 Ι
226 4255 314 4308 locum
327 4257 440 4321 copore?

814 2303 918 2369 dicere,
931 2319 1026 2369 opere,
1038 2301 1093 2368 dgl.
1104 2301 1213 2370 fulgen,
1223 2303 1348 2356 sohliesst

814 2369 878 2420 eber
900 2370 969 2421 noch
989 2369 1049 2421 dem
1071 2369 1275 2424 Zwischensetz
1299 2371 1347 2424 (188

814 2453 866 2488 888
885 2435 1108 2504 anigenommene
1127 2438 1227 2506 Object
1244 2455 1278 2490 en
1298 2457 1346 2490 su·

812 2505 915 2556 81181888
928 2521 972 2555 88.

812 2570 1244 2702 assasonthamar
1260 2573 1347 2692 diii

812 2709 828 2768 §
840 2709 864 2766 i,
881 2703 969 2756 direct
980 2705 1045 2757 aber
1058 2705 1169 2758 anchin
1182 2705 1230 2758 der
1241 2679 1346 2760 Person

811 2771 957 2904 rdmisthep
967 2771 1074 2839 Birger
1086 2773 1266 2841 geschrnilert
1278 2791 1347 2842 wer,

811 2857 831 2893 8.
845 2856 880 2892 zu
958 2883 964 2895 .

813 2925 915 3026 niti
924 2907 1347 3042 81111181111111

812 3059 870 3093 esse
881 3043 912 3092 in
925 3042 1241 3107 oratoreinoentionem,
1253 3046 1348 3112 dispo-

812 3109 953 3171 sitionem,
967 3108 1161 3176 elocutionem,
1179 3113 1346 3180 memoriam,

811 3176 1077 3243 pronuntiationem.

846 3245 910 3307 §ee
921 3242 1047 3295 Putasne
1057 3251 1082 3294 te
1091 3261 1178 3310 posse,
1189 3245 1243 3296 wie
1248 3245 1345 3298 Cicero

811 3309 847 3362 im
859 3315 951 3362 ersten
961 3309 1038 3362 Boch
1050 3309 1099 3362 der
1109 3311 1266 3380 Accusatio,
1277 3331 1298 3365 8.
1310 3331 1345 3366 zo

845 3447 876 3497 in
897 3451 1066 3512 quaestura:
1094 3444 1135 3497 Im
1156 3445 1180 3498 J.
1199 3451 1232 3500 84
1252 3448 1345 3500 wurde

811 3512 908 3564 Verres
931 3510 989 3562 dem
1016 3512 1216 3566 marionischeu
1240 3515 1346 3568 Consul

812 3579 864 3634 Cn.
882 3579 923 3632 Pe
943 3577 1010 3632 irino
1033 3579 1123 3633 Carbo
1144 3581 1184 3633 818
1209 3582 1346 3645 Quaestor

810 3596 989 3716 beigegeien,
1011 3647 1122 3700 verliess
1141 3647 1190 3699 ihu
1208 3650 1272 3701 aber
1290 3649 1346 3702 und

811 3715 878 3784 ging
889 3715 939 3767 mit
949 3714 998 3766 der
1010 3714 1097 3767 Kease
1109 3731 1143 3768 zu
1156 3714 1234 3768 Sulla
1247 3715 1321 3772 tiber.

844 3786 876 3836 in
888 3785 1034 3850 ieqotione,
1046 3799 1067 3834 8.
1080 3798 1116 3833 zu
1129 3785 1145 3846 §
1158 3785 1183 3835 6.

845 3851 1007 3904 criminibus
1020 3857 1046 3900 81
1056 3851 1191 3902 oratione.
1210 3850 1345 3904 Wirson-

811 3919 894 3971 dero:
929 3917 1015 3968 ‘noch
1048 3915 1100 3968 den
1134 3917 1345 3972 verschiedenen

810 3983 1026 4053 Kiogepunkten
1038 3983 1067 4034 in
1080 3983 1175 4037 deiner
1186 3985 1286 4050 Rede’3
1301 3989 1346 4040 di-

810 4054 951 4118 81189888
963 4073 997 4094 =
1010 4052 1164 4121 disponere.

844 4120 970 4171 Putasne
978 4136 1071 4185 poree:
1082 4120 1299 4174 DesPronorneu
1308 4123 1346 4174 181

811 4187 869 4304 pier
884 4184 1024 4240 vielleicht
1042 4205 1094 4241 nur
1110 4188 1225 4256 ruffillig
1246 4206 1344 4257 ausge-

822 4271 909 4308 essen.
