3006 4880
480 297 520 348 1u
538 297 571 358 o.
586 294 792 348 caucmxuu
810 295 954 352 uanum.
1238 297 1278 362 31

162 467 298 546 cuiquam
322 465 444 526 dubium
467 466 536 543 quin
560 463 609 525 illa
632 465 761 526 dixisset.
806 465 864 527 Iste
892 468 923 526 in
946 468 1161 543 possessionem
1185 466 1278 529 bono·

160 569 227 613 rum
251 548 384 611 mulieris
405 551 511 617 intrat,
540 549 633 628 ipsam
657 551 764 610 Veneri
787 552 819 610 in
841 551 1012 611 servitutem
1034 551 1197 622 adiudicat,
1227 553 1278 613 de·

159 629 330 695 iude‘boua
353 633 465 702 vendit,
494 634 651 712 pecuniam
673 633 791 711 redigit.
835 633 893 704 Ita,
924 633 993 696 dum
1015 652 1109 714 pauca
1133 637 1278 714 mancipia

159 718 284 779 Veneris
312 719 431 778 nomine
462 713 599 800 [Agonis]
630 735 664 778 ac
697 716 841 796 religione
870 720 999 778 retinere
1031 718 1105 787 vult,
1146 719 1281 781 fortunas

164 820 269 863 omnes
303 801 528 881 libertatemque
551 819 632 862 suam
661 803 745 863 istius
763 803 886 862 iniuria
922 802 1060 882 perdidit.
1110 801 1280 882 Lilybaeum

126 953 129 958 ,
161 885 271 948 Verres
287 886 365 946 venit
380 893 496 965 postem
519 903 583 946 rem
600 888 766 964 cognoscit,
790 886 899 948 iactum
915 887 1076 966 improbat,
1100 890 1178 966 cogit
1192 906 1281 969 quae·

159 980 271 1032 storem
295 990 380 1031 suum
404 971 574 1049 pecuniam,
599 971 686 1050 quam
711 989 747 1033 ex
762 970 903 1048 Agonidis
918 970 1005 1031 bonis
1020 971 1191 1050 redegisset,
1215 990 1281 1033 eam

158 1054 277 1116 mulieri
301 1073 419 1115 omnem
442 1055 639 1115 adnumerare
662 1063 691 1116 et
710 1051 849 1116 reddere.
873 1051 924 1117 57.
949 1055 1000 1116 Est
1018 1056 1130 1126 adhuc,
1153 1056 1183 1117 id
1199 1055 1331 1134 quodni

158 1158 210 1201 vos
233 1155 337 1200 omnes
359 1137 501 1199 admirari
528 1138 627 1209 video,
657 1156 717 1200 non
745 1139 868 1210 Verres,
897 1140 949 1199 sed
972 1139 1005 1210 Q.
1035 1140 1156 1202 Mucius.
1202 1138 1278 1209 Quid

161 1225 240 1284 enim
257 1223 356 1285 iacere
371 1224 467 1302 potuit
482 1222 646 1301 elegantius
661 1223 697 1284 ad
710 1224 863 1284 hominum
880 1224 1140 1294 existimationem,
1158 1225 1280 1306 aequius

159 1307 194 1368 ad
225 1305 377 1368 levandam
413 1306 546 1368 mulieris
576 1305 786 1378 calamitatem,
821 1307 1023 1370 vehementius
1050 1308 1087 1369 ad
1117 1309 1281 1387 quaestoris

159 1391 316 1452 libidinem
340 1392 553 1453 coercendam?
585 1391 706 1454 Summe
728 1391 802 1452 haec
830 1393 928 1452 omnia
952 1392 1024 1453 mihi
1052 1392 1189 1454 videntur
1217 1410 1281 1454 esse

157 1474 314 1538 laudanda.
361 1476 419 1536 Sed
447 1483 570 1556 repente
599 1496 615 1538 e
643 1476 765 1554 vestigio
795 1493 830 1537 ex
859 1475 979 1536 homine
1007 1483 1155 1555 tamquam
1183 1475 1281 1557 aliquo

159 1559 281 1638 Circaeo
304 1558 411 1638 poculo
434 1560 529 1622 iactus
551 1567 597 1621 est
623 1559 747 1622 Verres:
776 1560 852 1621 redit
880 1559 971 1620 adse
1000 1566 1088 1640 atque
1115 1561 1151 1621 ad
1179 1579 1280 1622 mores

157 1662 236 1706 suos.
282 1643 356 1705 Nam
380 1643 487 1705 exilia
510 1646 635 1724 pecunia
664 1662 801 1722 magnam
823 1651 938 1722 partem
969 1643 1006 1706 ad
1028 1662 1061 1705 se
1082 1646 1185 1715 vertit,
1217 1663 1281 1705 mu-

157 1727 223 1789 lieri
245 1727 374 1789 reddidit
396 1727 570 1808 quantulum
593 1730 685 1790 visum
710 1735 764 1790 est.

242 1811 341 1874 XVlil.
364 1810 415 1874 58.
440 1813 495 1874 Hic
519 1821 550 1875 tu
572 1814 596 1873 si
624 1812 737 1875 laesum
760 1819 789 1874 te
811 1830 827 1872 a
850 1813 944 1888 Verre
972 1831 1036 1876 esse
1064 1813 1152 1882 dieis,
1181 1814 1273 1892 patiar
1288 1809 1332 1875 58

161 1905 190 1957 et
213 1897 389 1966 concedam
413 1898 438 1960 si
459 1899 596 1959 iniuriam
618 1897 672 1957 tibi
694 1896 801 1957 iactam
824 1898 974 1976 quereris,
998 1896 1154 1960 delendam
1177 1905 1207 1959 et
1227 1915 1278 1957 ne-

159 1979 245 2060 gabo.
279 1982 410 2062 [leuique
426 1982 462 2042 de
477 1983 601 2053 iniuria,
626 1999 701 2063 quae
722 1981 777 2043 tihi
800 1980 875 2042 iacta
899 1982 952 2050 sit,
983 1983 1131 2043 neminem
1147 1989 1281 2042 nostrum

160 2067 327 2144 graviorem
354 2066 479 2127 iudicem
508 2085 574 2128 esse
604 2071 721 2146 oportet
749 2083 836 2145 quam
866 2067 1029 2143 teipsum,
1058 2067 1106 2127 cui
1134 2065 1210 2126 iacta
1238 2065 1281 2126 di-

158 2213 290 2280 schaffer,
312 2213 426 2267 Richter
448 2214 476 2265 in
496 2214 693 2282 Eigenthums-
746 2214 829 2281 Sina,
839 2213 1211 2280 ‘erleseneres’,wieAcc.3§
1218 2218 1280 2266 140:

158 2280 378 2348 streitigkeiten,
424 2282 542 2350 ursprtin
564 2281 620 2333 lich
663 2283 693 2334 in
745 2283 814 2350 quid
826 2283 919 2349 patuit
931 2283 1086 2348 elegantius
1097 2284 1191 2347 facere
1201 2298 1283 2349 prae·

160 2347 554 2414 internetionaleu,dauueuc
582 2347 619 2400 im
629 2349 695 2400 wei·
746 2349 923 2428 torcupidus
940 2349 1157 2400 existimationis
1174 2347 1283 2400 bonne?

158 2423 236 2468 teren
247 2415 395 2468 Gebrauch
404 2413 541 2479 zwischen
554 2416 626 2470 cives
639 2415 696 2468 und
780 2417 829 2481 ad,
841 2432 869 2468 m
880 2416 976 2484 Beeug
986 2416 1043 2482 auf,
1055 2415 1108 2468 wie
1117 2419 1133 2480 5
1143 2419 1190 2479 6⁶3
1204 2417 1282 2468 celae·

159 2485 308 2538 meiius.
683 2544 690 2551 g
745 2483 880 2548 mentius,
905 2483 957 2535 wie
982 2484 1123 2536 vehemens
1147 2484 1283 2536 iudicium

192 2553 291 2616 intret,
305 2550 342 2602 im
353 2550 460 2603 Namen
471 2550 519 2604 des
530 2550 666 2620 Tempels.
746 2550 813 2602 Ace.
826 2554 842 2602 5
855 2553 871 2615 5
885 2554 948 2615 176;
962 2551 1118 2616 libidinem,
1129 2550 1183 2603 wie
1195 2554 1211 2615 5
1224 2555 1250 2604 9.

193 2619 239 2670 lto
255 2617 299 2671 die
313 2617 476 2685 Erzihlung
493 2617 694 2672 abschliessend
780 2625 891 2685 repente
908 2637 922 2670 e
942 2619 1058 2684 uestigio
1079 2617 1207 2684 gehduit,
1230 2617 1284 2670 wis

159 2710 193 2730 =
205 2685 245 2738 ita
262 2685 365 2738 factum
382 2693 423 2739 est
440 2694 486 2753 ut,
502 2685 553 2739 mit
567 2685 694 2753 beigege·
745 2683 1284 2753 Pluut.Mil.gl.2,2,21repentesubito,

158 2753 245 2804 benet
257 2752 460 2818 Erliuterung,
477 2754 529 2805 wie
541 2759 614 2805 etwo
627 2755 692 2806 Ace.
747 2752 804 2804 cto.
822 2752 855 2804 de
871 2751 927 2804 div.
946 2757 959 2804 1
977 2756 1038 2816 §⁷2
1056 2754 1148 2804 subito
1166 2768 1199 2803 ex
1215 2759 1283 2803 tem-

158 2823 274 2883 251272
289 2819 331 2872 lta
341 2821 415 2871 Iouis
425 2822 497 2871 iliud
509 2821 695 2874 sacerdotium
745 2837 825 2888 pore,
838 2819 910 2872 Phil.
923 2823 939 2872 5
951 2822 1008 2882 §31
1022 2820 1153 2871 sincello
1167 2837 1243 2872 mora
1257 2826 1284 2870 et

159 2885 434 3007 aplissimetemdpter
462 2887 535 2940 hanc
559 2889 696 2940 rationem
747 2887 898 3007 segetum.
922 2884 985 2952 Vgl.
999 2885 1285 2940 auchiumeontinuo

434 2971 456 3006 r.
812 2993 817 3004 .

195 2970 353 3074 71θέτὲιίἶῖδαί
370 2971 518 3088 νῖῑέιρίοηε,
535 3020 594 3074 dero
609 3021 697 3074 Sinne
748 2958 764 3020 §
785 3023 897 3074 Circaeo
913 3021 1027 3088 poculo,
1043 3037 1065 3072 s.
1079 3020 1158 3074 Hom.
1176 3019 1227 3073 Od.
1242 3025 1284 3086 10,

160 3086 541 3155 uach=‘heiligenNamen',
555 3089 594 3144 als
604 3087 636 3144 ἓν
645 3085 695 3142 dede
749 3095 812 3152 2293
825 3091 920 3154 factus
929 3096 969 3141 est
983 3089 1091 3152 Verres,
1105 3087 1171 3140 oder
1180 3107 1282 3154 verres,

161 3157 253 3210 ducis.
747 3157 794 3209 ein
807 3155 970 3225 Wortspiei,
983 3155 1036 3207 wie
1047 3160 1063 3222 §
1074 3160 1108 3208 49
1122 3156 1178 3208 und
1190 3159 1206 3221 §
1219 3160 1261 3210 28.

196 3223 344 3288 cognoscit,
357 3221 396 3274 als
407 3222 531 3275 Richter.
784 3227 821 3276 ad
831 3241 859 3274 se
868 3223 961 3288 uertit,
970 3223 1024 3274 wie
1033 3224 1064 3275 in
1074 3221 1282 3278 suemremLiv.

196 3308 268 3357 eam,
283 3288 337 3356 vgl.
353 3291 383 3341 id
396 3293 449 3354 58.
748 3297 774 3355 3,
788 3295 830 3355 ⁷2,
843 3295 859 3342 2
872 3291 937 3342 oder
953 3291 984 3341 in
1002 3308 1030 3342 se
1042 3291 1121 3356 Cotyi
1134 3293 1202 3342 deta
1215 3289 1283 3342 Tac.

194 3362 260 3422 567.
283 3358 316 3421 Q.
325 3357 440 3412 Mucius
453 3356 596 3423 Scaevola,
608 3357 695 3410 durch
748 3359 821 3409 Ann.
834 3361 861 3421 2,
872 3360 914 3411 64.

161 3424 212 3476 den
228 3423 374 3477 Beinamen
392 3424 521 3478 Pontifex
537 3442 591 3477 von
607 3425 694 3476 einem
781 3423 884 3476 XVIII.
902 3427 971 3488 558.
991 3424 1067 3484 dicis,
1081 3423 1133 3474 wie
1143 3423 1227 3478 illiers
1236 3423 1281 3476 eiu

160 3492 253 3559 menig
269 3490 371 3544 ditereu
384 3492 509 3558 (Augur)
525 3491 696 3545 unterschio·
746 3493 879 3545 Praesens
898 3490 935 3543 im
955 3489 1146 3558 bedingenden
1162 3490 1283 3545 Vorder·

160 3559 229 3626 den,
247 3558 358 3612 Redner
374 3559 430 3611 und
447 3559 696 3627 Rechtsgelehrter,
746 3568 807 3613 sata
820 3576 870 3612 vor
882 3558 967 3611 eiuem
978 3559 1069 3612 Futur
1080 3559 1116 3612 im
1125 3559 1283 3622 Nachsatz;

161 3626 266 3679 Consul
285 3630 328 3692 95,
352 3626 412 3678 hier
433 3626 472 3678 als
496 3626 603 3679 Muster
623 3626 697 3679 sines
748 3631 867 3692 laesum,
881 3625 908 3681 d.
921 3624 948 3680 h.
964 3642 1016 3680 nur
1029 3627 1282 3680 unireundlichbe-

57 3718 60 3724 ¹
160 3694 696 3761 guterStettheltersgenenntwarum,
748 3694 870 3749 hundelt.

160 3760 304 3828 zeigtVsl.
314 3759 387 3817 Max.
399 3766 424 3827 8,
440 3765 522 3825 15‚e:
540 3763 588 3828 qui
601 3762 697 3813 Asiam
783 3763 931 3829 defendam
946 3786 980 3806 =
997 3762 1132 3828 refellam,
1158 3778 1212 3814 von
1235 3760 1285 3812 der

161 3829 247 3895 (nach
264 3827 312 3880 der
328 3828 448 3881 Praetur
463 3829 510 3895 98)
528 3837 586 3881 tam
603 3837 698 3881 sancte
749 3830 1006 3896 Grundbedeutung
1034 3831 1205 3894 ‘ebstossem
1234 3828 1283 3880 ah-

160 3903 187 3948 ei
199 3904 257 3948 tam
267 3897 381 3961 fortiter
393 3897 522 3963 obtinuit,
536 3904 569 3950 ut
581 3903 697 3949 senatus
747 3898 882 3954 wehren’.

160 3965 289 4031 deinceps
301 3963 331 4014 in
345 3981 405 4015 eam
422 3966 595 4033 provinciam
612 3964 697 4016 ituris
781 3966 909 4033 Denique
918 3965 953 4016 im
963 3962 1145 4030 Fortsehritt,
1160 3961 1282 4016 nichtirn

162 4029 376 4096 magistratibus
386 4032 538 4099 exemplum
548 4039 631 4100 etque
639 4034 698 4098 for·
748 4031 906 4093 Abschluss,
918 4031 1077 4097 ‘uuddann,
1086 4030 1281 4092 fernerauch’;

159 4115 232 4150 mam
249 4097 337 4166 officii
349 4099 508 4151 Scaeuolam
526 4102 633 4152 decreto
646 4115 697 4152 suo
748 4103 826 4165 facte
838 4101 890 4166 sii,
908 4098 960 4152 wie
971 4102 987 4163 5
1000 4101 1042 4164 59,
1054 4114 1158 4152 warum
1173 4097 1281 4163 nichts,

160 4173 350 4299 prglssgzbriiies
367 4248 421 4285 ven
439 4234 538 4299 eligere
558 4234 587 4286 in
604 4243 696 4302 gutem
748 4167 998 4303 Ξῖιίιῑιιῖιωὲιιιῗῖεξιὲ
1011 4166 1064 4219 Wie
1075 4167 1193 4234 mom
1205 4165 1282 4217 iudi-
