3004 4890
212 277 233 342 8
573 277 610 327 Μ.
628 277 754 328 TULLII
773 273 966 327 CICERONIS

215 450 258 512 uti
279 467 370 530 quum
392 465 539 510 summum
561 449 591 506 iu
615 445 763 507 veteribus
785 448 918 525 patronis
933 445 1040 516 multis,
1064 453 1126 507 tum
1143 446 1333 510 nonnullum

216 536 304 596 etlam
326 536 357 594 in
380 551 427 592 me
441 530 624 610 praesidium
640 533 701 592 suis
717 531 844 604 fortunis
859 532 1052 591 constitutum
1068 548 1132 592 csse
1148 531 1329 594 arbitraren-

217 629 275 680 tur.
315 615 371 686 Qui
393 633 473 678 nunc
494 615 628 695 populati
650 623 736 694 atquc
759 617 855 676 vexati
877 616 975 676 cuncti
998 615 1032 674 ad
1049 633 1096 675 mc
1110 615 1228 694 publice
1243 635 1335 697 saepe

214 709 373 770 venerunt,
403 710 436 763 ut
464 719 585 762 suarum
607 700 793 762 fortunarum
816 701 947 762 omnium
974 717 1090 760 causam
1114 701 1331 762 defensionem·

213 806 272 867 que
304 787 496 866 susciperem.
545 785 592 846 lle
624 802 712 863 saepe
742 802 804 845 esse
832 784 1011 863 pollicitum,
1046 803 1134 864 saepe
1168 786 1332 848 ostendisse

216 871 367 949 dicebant,
391 872 416 930 si
439 869 517 948 quod
540 877 656 948 tempus
678 869 845 940 accidisset,
876 887 934 945 quo
956 877 1089 946 tempore
1112 869 1224 948 aliquid
1245 890 1261 932 a
1283 889 1336 932 me·

182 953 420 1036 3requirerent,
451 954 615 1016 commodis
643 972 746 1014 eorum
769 970 816 1014 me
845 971 905 1014 non
933 953 1113 1014 defuturum.
1158 949 1188 1014 3.
1211 957 1333 1015 Venisse

213 1049 330 1120 tempus
353 1039 485 1108 aiebant,
515 1056 576 1098 non
597 1040 656 1098 iam
678 1045 711 1098 ut
733 1038 887 1100 commoda
909 1056 974 1108 sua,
1007 1037 1057 1098 sed
1085 1045 1118 1098 ut
1138 1041 1226 1099 vitam
1255 1037 1331 1100 salu·

214 1132 334 1205 temque
356 1128 446 1186 totius
468 1123 637 1202 provinciae
660 1123 866 1192 defenderem
890 1141 956 1184 sese
978 1124 1037 1183 iam
1059 1140 1097 1183 ne
1119 1123 1190 1183 deos
1212 1124 1330 1203 quidem

214 1212 244 1269 in
267 1211 326 1270 suis
348 1208 474 1269 urbibus
496 1208 532 1268 ad
555 1226 628 1286 quos
650 1208 845 1286 confugerent
866 1206 986 1276 habere,
1010 1207 1090 1287 quod
1112 1225 1214 1282 eorum
1241 1210 1331 1269 stmu-

213 1294 293 1355 lacra
315 1294 497 1354 sanctissima
520 1291 551 1354 C.
568 1291 675 1353 Verres
698 1311 733 1352 err
756 1291 888 1352 delubris
902 1291 1129 1368 religiosissimis
1150 1290 1331 1360 sustulissem

214 1397 287 1458 quas
309 1396 358 1438 res
379 1377 511 1438 luxuries
531 1378 562 1437 in
584 1375 710 1454 flagitiis,
735 1374 892 1437 crudelitas
915 1377 944 1436 in
968 1376 1135 1455 suppliciis,
1158 1379 1278 1438 avaritia
1300 1380 1334 1438 in

214 1463 342 1542 rapinis,
372 1461 509 1541 superbia
537 1463 568 1520 in
598 1460 784 1522 contumeliis
813 1460 931 1522 eiticere
958 1463 1118 1538 potuisset,
1153 1480 1202 1522 eas
1230 1469 1337 1523 omncs-

214 1565 280 1608 sese
303 1547 360 1608 hoc
382 1564 441 1607 uno
464 1553 602 1624 praetore
624 1563 678 1624 per
692 1546 853 1606 triennium
874 1545 1046 1623 pertulissc;
1070 1563 1176 1622 rogare
1192 1555 1220 1606 ct
1235 1564 1331 1616 orare,

214 1650 252 1693 ne
274 1631 341 1692 illos
362 1632 511 1711 supplices
526 1647 711 1709 aspernarer,
736 1647 809 1708 quos
827 1648 875 1690 me
897 1629 1039 1690 incolumi
1060 1631 1172 1690 nemini
1186 1630 1333 1710 supplices

216 1734 281 1780 csse
303 1724 466 1795 oporteret.

181 1800 206 1863 4
299 1801 334 1862 ll.
364 1799 394 1862 4.
419 1800 486 1862 Tuli
508 1803 635 1878 graviter
658 1808 688 1860 ct
709 1798 830 1866 acerbe,
859 1799 988 1868 iudices,
1018 1801 1048 1859 in
1071 1817 1138 1860 eum
1165 1817 1213 1860 me
1235 1798 1335 1860 locum

213 1885 329 1956 adduci,
353 1897 384 1947 ut
406 1894 456 1946 cut
479 1903 529 1946 eos
552 1885 688 1946 homines
710 1901 778 1963 spes
801 1882 931 1954 falleret,
956 1886 1006 1963 qui
1029 1903 1115 1963 opem
1138 1903 1155 1944 a
1176 1903 1224 1944 me
1246 1892 1335 1963 atque

214 1968 352 2034 auxilium
377 1973 535 2050 petissent,
559 1975 610 2030 aut
632 1967 708 2046 ego,
726 1971 777 2048 qui
800 1987 847 2029 me
863 1967 899 2028 ad
922 1968 1122 2029 defendendos
1137 1967 1273 2029 homiues
1295 1967 1336 2028 ab

214 2057 334 2116 ineunte
357 2053 554 2115 adolescentia
577 2052 739 2121 dedissem,
768 2061 902 2131 tempore
925 2060 1012 2130 atque
1035 2053 1130 2113 oldcio
1154 2061 1273 2117 coactus
1296 2052 1332 2114 ad

214 2139 413 2200 accusandum
443 2139 627 2200 traducerer.
672 2135 812 2198 Dicebam
840 2135 951 2197 babere
974 2154 1025 2196 eos
1047 2143 1178 2196 actorem
1201 2137 1235 2208 Q.
1259 2138 1330 2200 Gae-

215 2222 329 2294 cilium,
361 2225 411 2302 qui
439 2223 613 2302 praesertim
641 2231 780 2302 quaestor
801 2223 832 2281 in
856 2239 907 2282 sua
936 2221 1087 2300 provincia
1110 2220 1222 2282 luisset.
1268 2222 1336 2292 Quo

213 2407 277 2459 eine
293 2407 323 2459 in
339 2407 517 2476 Lilybaeum,
539 2407 587 2460 der
603 2406 703 2460 andere
719 2406 748 2458 in
800 2405 899 2458 Statue
909 2403 956 2456 der
967 2405 1084 2458 Artemis
1094 2421 1142 2457 eus
1152 2405 1274 2470 Segesta,
1287 2403 1334 2456 des

217 2476 339 2541 Syrakus
352 2475 500 2530 residierte.
799 2473 912 2526 Hermes
926 2489 975 2525 eus
984 2472 1139 2538 Tyndaris,
1152 2472 1199 2524 der
1208 2472 1338 2524 Demeter·

249 2544 292 2594 uti
308 2561 392 2610 quam
404 2572 436 2580 -
449 2551 508 2594 tum
519 2569 552 2579 -
565 2542 614 2594 mit
633 2541 748 2594 coordi-
800 2557 850 2593 aus
863 2540 972 2607 Henna,
991 2540 1118 2592 wordber
1130 2539 1160 2594 O.
1172 2539 1209 2590 im
1226 2541 1332 2592 rietten

215 2609 334 2676 nierung
357 2610 456 2662 aweisr
481 2609 607 2675 Glieder,
630 2626 674 2662 wo
698 2609 748 2660 wir
800 2607 877 2660 Buch
907 2607 955 2658 der
984 2609 1139 2672 accusatio,
1173 2610 1206 2659 dc
1234 2608 1332 2674 siparis,

212 2677 416 2745 unterordnen,
429 2683 501 2730 ctwe
510 2676 560 2728 mit
570 2675 706 2729 ‘wiewohl
715 2711 749 2720 -
799 2674 914 2744 spricht.

213 2745 284 2798 doch
302 2745 398 2810 aucb’3
420 2745 493 2797 deun
517 2761 569 2796 nur
586 2744 634 2796 das
651 2742 749 2796 nostre
834 2744 960 2796 luxuries
971 2770 1006 2780 -
1017 2743 1203 2794 contumeliis.-
1220 2741 1333 2795 beecbte

213 2814 251 2866 ist
271 2831 325 2865 von
345 2816 453 2880 factam
473 2821 514 2865 est
534 2813 577 2866 nti
601 2811 745 2878 abhfingig.
800 2809 843 2862 die
859 2811 990 2877 Paarnng
1006 2810 1054 2862 der
1066 2809 1186 2877 Wdrtsr,
1203 2809 1333 2864 wodurcb

212 2879 384 2947 N'c'gelsbnclr
396 2881 429 2934 L.
443 2883 488 2934 St.
499 2899 525 2950 p.
539 2885 589 2934 447
601 2879 622 2932 f.
801 2895 824 2934 z.
839 2878 871 2930 Β.
879 2881 1002 2946 stapa'tiis
1015 2877 1147 2931 erldutert
1157 2877 1239 2933 wird.

248 2950 279 3000 in
300 2949 437 3001 veteribus
457 2951 602 3017 patronis:
627 2964 684 2999 was
705 2964 748 2999 er·
833 2965 882 3014 per
895 2948 1055 3006 triennium,
1070 2945 1145 2997 irini.
1156 2950 1184 3008 4,
1198 2945 1266 2997 nach
1279 2943 1331 2996 den

215 3016 301 3082 giinzt
316 3015 375 3067 sich
396 3016 495 3069 durans
512 3033 573 3068 zum
592 3017 748 3082 Gegensatz
789 3012 985 3082 ,Scholiastem
1001 3012 1064 3063 weil
1080 3012 1128 3063 der
1144 3011 1336 3078 gleichzeitige

214 3086 246 3134 tn
258 3083 319 3134 me?
799 3080 998 3146 Sklavenlrrieg
1022 3079 1078 3131 und
1101 3079 1175 3130 daun
1199 3079 1247 3131 der
1270 3079 1332 3132 Tod

232 3149 379 3270 tprlI'I
389 3148 505 3269 ἲαῐὲιίξ
512 3151 626 3268 ,incauti
636 3148 748 3201 libidine
799 3147 886 3228 seines
896 3146 1266 3266 designffertcelNlacbfolgers
1275 3147 1331 3228 ihm

215 3233 305 3270 ecru
325 3233 391 3268 era
420 3256 426 3269 .
472 3233 542 3270 co.
799 3231 1045 3268 erneewermere
1083 3232 1155 3266 eran
1177 3231 1244 3266 erun
1279 3233 1331 3267 ser·

211 3297 214 3304 ·
249 3285 349 3347 cuncti,
366 3283 619 3350 mitllusnnhmeu,
634 3288 747 3350 s.§14;
801 3301 846 3336 nes
860 3231 1299 3336 eommandffsverschagffthabe.

214 3354 331 3420 publice,
341 3352 390 3405 i.c.
397 3354 533 3406 communi
542 3354 663 3405 omniurn
672 3356 748 3419 lepa—
833 3353 909 3416 illos,
924 3350 1000 3402 nicht
1011 3368 1053 3414 sc,
1071 3366 1116 3402 um
1127 3350 1173 3402 des
1186 3349 1333 3418 folgenden

215 3421 323 3473 tionum
335 3423 449 3473 concilio
462 3419 528 3474 Aac.
541 3425 558 3473 4
570 3420 586 3489 S
599 3425 658 3475 138.
797 3417 997 3472 Relativsatzcs
1009 3417 1109 3470 willen.

249 3489 408 3553 accidisset,
421 3487 473 3542 wie
487 3487 521 3540 ad
533 3489 609 3541 Fam.
622 3495 648 3556 3,
663 3493 705 3554 10,
717 3492 747 3539 a:
831 3487 867 3539 II.
887 3489 938 3550 §4-
956 3488 1057 3552 locam,
1070 3486 1089 3541 i.
1099 3504 1123 3538 e.
1137 3486 1336 3552 condicionem,

214 3557 314 3608 nollem
326 3557 471 3608 accidisset
482 3563 598 3623 ternpus.
797 3553 842 3605 bei
853 3553 1007 3620 folgendcm
1023 3563 1119 3607 aut-
1131 3563 1183 3608 aut
1194 3577 1228 3599 -·--
1240 3553 1332 3607 Alter-

249 3640 357 3690 eornm,
374 3622 451 3675 nicht
466 3624 539 3687 suis,
558 3622 618 3674 weil
631 3622 661 3674 C.
673 3621 749 3674 seine
800 3621 902 3674 notive.

214 3691 328 3809 εἰβοιῖοῐι
338 3691 435 3771 Worbe
444 3689 528 3742 durch
526 3689 589 3808 I<lien
600 3689 748 3808 Mundeer
834 3691 968 3809 dfidissem
985 3689 1030 3742 fur
1043 3690 1218 3770 dedidissem,
1235 3689 1287 3770 wie
1304 3708 1332 3759 p.

214 3759 536 3894 ldltttlltt‘nts.
555 3774 617 3810 ⁸²⁸⁶
636 3773 669 3809 ²¹¹
708 3774 734 3808 ⁶¹
799 3758 1131 3878 battldlbt““”²
1148 3757 1193 3810 '²¹⁰
1211 3775 1240 3809 ⁸⁰
1258 3766 1337 3810 ''²‘“‘⁷

249 3898 275 3957 ἕ.
288 3901 313 3947 3.
339 3912 374 3946 ne
386 3897 450 3947 deos
462 3896 579 3961 paidom,
592 3892 648 3961 egl.
660 3893 745 3945 Acti
832 3902 965 3960 ternpore,
981 3890 1033 3945 wie
1069 3909 1100 3942 ro
1115 3898 1248 3959 tempore,
1265 3900 1332 3943 tem·

214 3965 284 4025 §142
298 3964 379 4014 deum
391 3964 509 4030 denique
517 3963 627 4014 nullum
634 3961 745 4025 Siculis,
796 3962 860 4029 pori
869 3962 970 4023 cedere,
983 3909 1068 4024 dergI.
1076 3958 1196 4012 Beaclrte
1204 3961 1256 4012 deu
1266 3959 1332 4011 Sin-

215 4029 264 4097 qui
280 4031 305 4080 ei
322 4031 409 4096 paulo
426 4031 515 4096 moac's
536 4031 643 4096 affabre
664 4037 747 4096 atquc
798 4027 879 4095 guler
890 4026 919 4078 in
933 4026 1021 4080 dieser
1033 4027 1206 4094 Bedeutuug.

216 4097 333 4164 antiquo
348 4098 468 4164 artificio
484 4100 578 4163 factas
595 4100 746 4160 videretur,
832 4103 973 4162 quaestor,
986 4094 1102 4150 niimlich
1112 4094 1158 4148 des
1168 4095 1264 4148 Verres
1276 4093 1332 4148 und

214 4165 337 4230 reliquit.
548 4197 551 4202 ι
799 4163 894 4216 dorum
923 4162 973 4216 mit
1001 4163 1096 4216 descen
1124 4162 1332 4216 Schandthsten

249 4235 402 4286 slmolacra
415 4233 606 4300 sanctissima,
623 4231 675 4286 wie
687 4231 748 4286 eine
799 4247 889 4299 genau
897 4229 1031 4299 bekannt,
1040 4230 1277 4299 einHauptgrund
1287 4230 1335 4283 tur
