3004 4890
246 282 286 346 18
607 283 643 333 hl.
658 282 785 334 TULLII
803 280 998 334 CICERONIS

195 443 243 515 27'
335 448 386 514 27.
415 451 461 512 Tu
483 469 568 521 vero,
601 448 722 520 Caecili,
751 451 821 530 quid
845 451 948 528 potes?
981 468 1040 530 quo
1068 460 1203 531 tempore
1232 460 1282 512 eut
1310 472 1366 532 qua

245 538 277 598 in
299 554 333 597 re
355 554 415 596 non
438 535 525 594 modo
548 536 674 595 coeteris
696 536 846 614 specimen
869 531 987 614 aliquod
1009 535 1131 603 dedisti,
1161 535 1213 596 sed
1237 543 1297 596 tute
1320 539 1362 599 tui

245 620 414 702 periculum
429 619 544 681 fecisti?
567 619 599 678 ln
616 624 745 680 mentem
769 618 822 679 tihi
838 636 896 680 non
915 620 1006 689 venit,
1032 619 1101 698 quid
1118 621 1229 698 negotii
1244 621 1283 680 sit
1299 638 1367 681 carr·

246 721 309 767 seru
324 701 472 783 publicam
489 703 654 764 sustinere?
677 705 766 764 vitam
782 702 905 764 alterius
922 712 1011 763 totam
1028 703 1175 784 explicare
1191 711 1279 781 atque
1302 723 1366 765 eam

245 807 307 851 non
330 788 418 851 modo
440 789 470 848 io
493 789 599 848 animis
620 786 767 857 iudicum,
791 787 842 849 sed
866 790 953 849 etiam
975 790 1007 847 in
1030 787 1123 850 oculis
1146 796 1369 869 conspectuque

246 874 380 935 omnium
409 873 577 952 exponere?
608 873 755 932 sociorum
784 870 922 943 salutem,
951 872 1106 936 commodo
1133 875 1366 950 provinciarum,

244 960 304 1018 vim
325 957 442 1036 legum,
471 958 643 1035 gravitatem
667 955 847 1016 iudiciorum
877 957 1055 1017 defendere?
1083 956 1131 1018 lll.
1156 957 1308 1036 Cognosce
1331 975 1367 1016 er

245 1061 307 1111 me,
331 1043 469 1119 quoniam
485 1041 543 1102 hoc
557 1041 686 1118 primum
702 1049 820 1117 tempus
836 1039 968 1103 discendi
985 1049 1088 1102 nactus
1106 1058 1151 1113 es,
1170 1059 1259 1122 quam
1275 1040 1367 1101 multa

149 1202 153 1208 ⁵
245 1145 311 1188 esse
334 1132 469 1202 oporteat
489 1126 521 1185 in
545 1142 594 1196 eo,
626 1125 677 1206 qui
705 1123 832 1186 alterum
855 1131 991 1187 accuset:
1022 1143 1057 1185 ex
1085 1123 1193 1205 quihus
1220 1127 1246 1184 si
1274 1143 1366 1186 unum

244 1210 363 1291 aliquod
387 1212 418 1270 in
440 1218 470 1269 te
492 1211 682 1286 cognoveris,
707 1225 761 1287 ego
784 1211 843 1270 iam
866 1209 920 1270 tihi
941 1212 1005 1289 ipse
1027 1211 1116 1278 istuc,
1140 1209 1220 1289 quod
1243 1209 1364 1288 expetis,

246 1313 310 1357 mea
325 1294 475 1355 voluntate
491 1293 661 1354 concedam.
697 1293 830 1361 Primum
846 1295 1044 1371 integritatem
1061 1299 1149 1372 atque
1164 1293 1368 1357 innocentiam

245 1378 440 1458 singularem
475 1375 548 1437 nihil
582 1383 626 1437 est
659 1379 737 1438 enim
771 1376 851 1458 quod
884 1380 984 1439 minus
1015 1377 1171 1439 serendum
1205 1379 1244 1437 sit
1275 1395 1366 1456 quam

245 1465 391 1523 rationem
416 1461 452 1521 ob
476 1460 570 1534 altero
600 1463 674 1522 vitae
702 1478 863 1539 reposcere
893 1479 976 1532 eum,
1006 1465 1057 1540 qui
1086 1479 1145 1522 non
1175 1463 1268 1540 possit
1295 1479 1370 1522 suae¹

192 1543 382 1611 28reddere.
420 1542 470 1606 28.
494 1546 549 1606 Hic
572 1563 627 1624 ego
650 1546 687 1606 de
702 1555 732 1607 te
746 1544 830 1624 plura
853 1563 913 1606 non
934 1545 1045 1607 dicam:
1070 1563 1162 1607 unum
1184 1545 1257 1606 illud
1275 1545 1369 1606 credo

244 1649 348 1693 omnes
371 1629 620 1699 animadvertere,
645 1637 673 1692 te
696 1629 793 1691 adhuc
815 1648 832 1690 a
854 1629 941 1691 nullis
964 1633 1022 1691 nisi
1044 1629 1080 1690 ab
1104 1631 1210 1692 Siculis
1233 1631 1365 1708 potuisse

242 1717 403 1796 'cognosci;
434 1715 550 1775 Siculos
573 1713 629 1776 hoc
653 1715 767 1784 dicere,
791 1732 882 1794 quum
907 1714 1002 1776 eidem
1025 1717 1086 1776 siut
1107 1715 1188 1784 irati,
1213 1715 1261 1774 cui
1284 1721 1314 1774 tu
1338 1721 1366 1772 tc

243 1802 398 1863 inimicum
422 1817 486 1861 esse
508 1799 596 1870 dicis,
624 1818 689 1861 sese
713 1807 811 1860 tamen
834 1807 863 1861 te
885 1807 986 1862 actore
1009 1799 1044 1861 ad
1067 1799 1207 1860 iudicium
1232 1815 1291 1858 non
1313 1795 1366 1857 ad·

243 1887 368 1947 loturos.
406 1884 504 1955 Quare
524 1892 649 1961 negent,
674 1902 709 1944 ex
732 1901 779 1944 me
799 1901 861 1944 non
883 1884 1001 1953 audies;
1025 1883 1080 1944 hos
1100 1890 1204 1962 patere
1226 1883 1255 1944 id
1271 1883 1366 1960 suspi-

244 1972 321 2041 cari,
346 1968 423 2048 quod
439 1986 561 2030 necesse
577 1976 629 2027 est.
666 1967 711 2028 llli
726 1967 861 2046 quidem,
885 1976 918 2029 ut
933 1976 978 2028 est
993 1967 1145 2028 hominum
1161 1984 1256 2046 genus
1277 1966 1366 2025 nimis

244 2062 362 2114 acutum
392 2061 421 2113 ct
449 2054 659 2128 suspiciosum,
696 2069 756 2111 non
785 2060 815 2112 te
843 2068 879 2110 ex
908 2050 1006 2113 Sicilia
1040 2050 1154 2111 litteras
1187 2054 1218 2110 in
1240 2047 1366 2112 Verrem

242 2138 402 2216 deportare
417 2135 493 2196 velle
515 2134 713 2204 arbitrantur,
738 2134 805 2205 sed,
829 2135 908 2212 quod
929 2135 1035 2196 iisdem
1052 2133 1158 2195 litteris
1179 2133 1257 2194 illius
1279 2151 1366 2213 prae·

243 2229 309 2283 tura
344 2227 373 2280 et
407 2226 455 2280 tua
490 2228 648 2298 quaestura
680 2220 853 2298 consignata
888 2221 938 2289 sit,
972 2228 1127 2299 asportare
1160 2226 1189 2280 te
1223 2217 1297 2278 velle
1328 2235 1365 2278 ex

243 2305 343 2367 Sicilia
367 2305 481 2364 litteras
502 2304 699 2383 suspicantur.

262 2488 379 2524 ereonen
401 2469 487 2522 durch
511 2467 687 2536 gerichtliche
709 2467 778 2521 Ver-

240 2491 359 2605 folgung
374 2538 418 2588 hei
436 2536 491 2588 und
509 2537 580 2588 nach
595 2537 695 2589 diesem
709 2537 778 2588 Pro-

243 2622 300 2658 cese
324 2621 386 2656 zum
404 2603 571 2656 wernenden
591 2603 710 2672 Beiepiel
732 2604 778 2654 hir

243 2673 351 2726 endere.
372 2670 465 2723 Demit
473 2670 556 2722 droht
565 2670 596 2726 C.
608 2669 778 2737 winderholt,

241 2759 264 2795 s.
280 2741 344 2792 acc.
358 2744 373 2793 5
386 2743 403 2804 s
416 2743 476 2805 1¹13,
489 2742 547 2792 uo.

278 2813 293 2872 ς
305 2812 347 2860 ot.
367 2807 406 2859 Es
418 2806 490 2873 folgt
501 2805 550 2857 der
561 2809 577 2870 s
590 2810 623 2858 22
636 2805 778 2872 engeluin·

165 2897 168 2903 ·
243 2875 318 2942 digte
330 2874 450 2939 Beweis,
466 2873 527 2926 dass
540 2872 676 2926 Caecilius
689 2873 732 2925 die
745 2889 779 2925 nu

244 2942 330 2995 einem
356 2940 496 3008 Anklliger
521 2940 652 3008 nrithigen
672 2940 779 3008 Eligen-

241 3010 368 3063 scheiten
394 3009 470 3061 nicht
498 3008 615 3073 besiize,
645 3008 779 3060 zuniichst

243 3077 320 3129 nicht
329 3076 372 3128 die
381 3075 515 3144 geistigen
524 3075 580 3128 und
590 3074 779 3127 morelischen.

242 3143 305 3212 Vgl.
320 3143 394 3196 hiinl.
405 3146 430 3196 8.

277 3229 334 3264 non
346 3213 425 3263 modo
437 3245 470 3253 -
482 3211 544 3274 ced,
557 3225 620 3261 zum
632 3207 778 3261 Minderen

243 3276 464 3346 herabsteigend,
485 3295 507 3329 e.
526 3277 551 3328 d.
572 3278 694 3332 Gremm.
716 3294 779 3328 ene-

243 3349 326 3413 teric,
353 3346 383 3397 in
408 3345 647 3412 ehgeechwfichter
670 3341 778 3397 Beden-

243 3423 327 3480 tung,
345 3413 397 3466 wie
409 3417 424 3476 §
437 3415 484 3476 553
503 3413 637 3479 specimen
655 3441 688 3449 -
705 3412 779 3478 peri·

242 3484 350 3534 culum:
370 3495 431 3532 man
447 3479 535 3530 denke
553 3496 587 3531 an
602 3478 646 3530 die
658 3481 779 3531 Stemm-

242 3548 352 3601 wiirter.

277 3616 364 3668 citam
374 3621 473 3665 totam.-
486 3612 778 3666 denneusdernfrdhe-

242 3701 292 3738 ren
304 3681 396 3735 Lehen
413 3680 459 3733 dee
478 3681 603 3746 Gegners
621 3679 715 3732 holten
732 3678 777 3732 die

244 3749 383 3817 Ankldger
416 3747 495 3800 einen
525 3746 777 3800 Wehrscheinlich·

241 3815 413 3871 keitsbeweie
426 3816 581 3886 (probabile
593 3833 626 3867 ex
637 3815 720 3879 vita).

277 3887 308 3937 in
325 3886 425 3949 eculin,
448 3883 474 3935 d.
493 3883 522 3936 h.
540 3899 570 3936 so
590 3881 777 3948 onscheulich‚

243 3951 304 4004 dass
317 3952 369 4004 elle
385 3969 413 4004 es
430 3950 480 4004 mit
496 3950 610 4018 eigenen
624 3950 721 4017 Augen
741 3966 776 4002 sn

242 4018 310 4071 eehn
323 4019 449 4088 glauben.
466 4018 528 4086 Vgl.
539 4023 554 4084 5
565 4023 597 4072 ld
607 4021 694 4070 oeulle
703 4019 779 4071 iudi-

243 4104 307 4140 care
316 4085 373 4138 und
383 4087 445 4142 Act.
458 4092 471 4138 1
482 4090 498 4150 S
508 4091 536 4140 ἵε
549 4087 685 4153 intelligit
695 4085 777 4154 (Ver-

242 4154 300 4220 res)
313 4155 407 4205 meite
419 4161 552 4221 paratum
569 4161 653 4220 atque
668 4155 778 4205 inctru-

242 4231 316 4276 etum
335 4223 364 4275 in
388 4221 522 4273 iudicium
540 4223 647 4287 venire,
671 4229 704 4272 ut
721 4237 778 4272 non

830 2471 909 2523 modo
932 2471 962 2522 in
986 2471 1104 2523 auribus
1129 2470 1243 2535 ceolric,
1267 2471 1314 2520 ced
1335 2468 1365 2520 io

831 2538 918 2589 oculic
930 2539 1052 2589 omnium
1062 2555 1115 2588 eun
1126 2539 1207 2602 suria
1218 2543 1301 2603 atquc
1307 2540 1368 2602 fla-

829 2605 901 2670 gitia
913 2605 1058 2670 defixurus
1070 2605 1130 2655 eim.

863 2685 912 2739 IX,
932 2704 1019 2740 unum
1031 2687 1158 2753 aliquod,
1172 2703 1226 2738 nur
1236 2685 1298 2737 eine
1307 2685 1365 2737 ein·

830 2755 907 2806 zelne
917 2752 1371 2822 gleichvielwelcheEigenschait,

830 2822 882 2875 wie
896 2821 960 2876 Ace.
976 2825 1077 2886 1562:
1095 2837 1183 2875 unum
1199 2822 1315 2888 aliquod
1331 2823 1369 2874 de

831 2891 950 2957 nefariis
964 2891 1047 2942 iete'ue
1058 2890 1143 2955 factio
1156 2890 1264 2954 eligam.

864 2960 924 3024 ipae
943 2955 1012 3009 wird
1029 2955 1116 3007 durch
1138 2973 1197 3008 mea
1220 2957 1366 3010 uoluntate

830 3024 979 3090 erliiutert,
991 3030 1057 3074 ‘von
1070 3021 1173 3076 selbst’.

863 3111 930 3172 528.
950 3126 968 3159 ιι
978 3107 1065 3159 nullia
1089 3105 1367 3169 insolcrndieQuae-

830 3182 891 3229 stur
900 3174 949 3228 dee
958 3179 1029 3227 crete
1035 3145 1365 3229 hdherestaatsemtwar.

864 3260 972 3312 Siculos
996 3260 1046 3312 hoc
1075 3260 1180 3324 dicere,
1209 3257 1366 3310 adversativ-

830 3343 892 3380 num
906 3325 1059 3391 It'rdheren,
1073 3343 1108 3376 en
1126 3326 1173 3378 des
1186 3325 1221 3377 im
1234 3325 1303 3378 Sinn
1314 3323 1365 3377 lie·

830 3394 917 3462 gende
946 3409 1034 3445 unum
1062 3394 1136 3445 illud
1166 3393 1255 3446 dicum
1279 3407 1365 3458 enge-

829 3461 976 3514 echloesen.
1007 3459 1066 3512 Zur
1083 3460 1172 3512 Probe
1193 3457 1370 3512 verwendele

829 3528 874 3580 die
883 3529 979 3580 Worte
992 3531 1072 3580 eredo
1085 3545 1177 3580 umnec
1186 3529 1365 3580 animaduer-

829 3604 886 3648 tere
898 3594 928 3648 in
940 3595 1020 3648 einen
1032 3594 1271 3664 parenthetischen
1283 3593 1368 3647 Rela-

829 3663 939 3716 tivsetz.

864 3738 990 3796 neutum,
1011 3729 1212 3796 echerlsiehtig.
1242 3730 1301 3781 Den
1323 3729 1365 3781 oft

828 3797 1073 3918 {erfihmtenwitn
1083 3796 1365 3878 derSiqnlerhenutzt

828 3865 1369 4000 scallellisiitttlsiilllii

828 4000 858 4052 in
871 3998 924 4053 den
937 3999 1025 4052 Mund
1037 4016 1072 4052 nn
1085 3999 1172 4067 legen.

863 4085 974 4137 litterae
983 4085 1012 4136 in
1027 4085 1147 4147 Verrem,
1159 4081 1313 4135 Urhnnden
1323 4081 1368 4134 als

831 4150 980 4218 Zeugnisse
1002 4167 1089 4218 gegen
1106 4149 1138 4202 V.
1157 4151 1190 4202 de
1210 4178 1245 4188 -
1264 4167 1364 4218 aepor-

829 4227 905 4286 tere,
918 4219 1000 4272 heim·
1013 4218 1069 4270 und
1080 4218 1149 4270 fort·
1164 4215 1279 4270 oderbei
1289 4215 1370 4270 Seite
