3004 4890
496 317 533 366 m·
553 317 584 378 o.
604 315 805 368 cancrorum
824 317 968 390 orario.
1252 316 1290 380 11

176 489 335 556 simorum,
362 487 393 545 in
421 484 522 565 populi
549 485 674 547 Romani
703 486 847 547 cotidiana
876 487 1074 566 querimonia,
1112 487 1290 549 iudiciorum

176 572 312 642 infamia,
341 572 430 631 totius
458 571 569 630 ordinis
598 570 761 632 ollenslone
789 587 877 648 quum
909 571 965 631 hoc
992 570 1081 632 uniam
1110 572 1157 632 his
1183 580 1226 632 tot
1246 574 1290 633 in-

177 654 339 718 commodis
367 655 530 716 remedium
559 672 624 716 esse
651 655 826 724 arbitrarer,
857 662 889 715 ut
917 656 1051 717 homiues
1078 656 1175 717 idonei
1204 664 1291 735 atque

176 741 286 817 integri
312 757 430 800 oausam
457 740 502 800 rei
528 738 664 817 publicae
692 738 850 819 legumque
883 741 1083 820 susciperent,
1117 741 1212 802 lateor
1242 761 1291 802 me

175 823 277 886 salutis
304 825 436 885 omnium
465 821 551 886 causa
580 824 616 886 ad
645 843 709 886 eam
739 831 854 902 partem
887 826 1046 886 accessisse
1078 827 1121 886 rei
1155 825 1290 905 publicae

176 909 383 977 sublevandae,
407 927 482 988 quae
505 910 632 970 maxime
653 908 813 970 laboraret.

262 992 311 1054 10.
347 993 447 1064 Nunc,
477 995 616 1073 quoniam
650 993 757 1071 quibus
793 992 883 1054 rebus
920 993 1063 1055 adductus
1099 994 1134 1054 ad
1172 1013 1288 1056 causam
1303 991 1343 1056 10

176 1081 352 1142 accesserim
376 1077 583 1147 demonstravi,
607 1078 764 1140 dicendum
786 1079 954 1140 necessario
978 1087 1021 1138 est
1043 1079 1080 1139 de
1102 1081 1291 1141 contentione

175 1169 286 1231 nostra,
309 1170 343 1224 ut
364 1165 394 1223 in
418 1162 624 1224 constituendo
647 1171 818 1225 accusatore
833 1161 903 1243 quid
919 1165 1002 1241 sequi
1017 1163 1134 1242 possitis
1149 1163 1288 1226 habeatis.

175 1247 238 1326 Ego
260 1248 303 1308 sic
324 1247 474 1325 intelligo,
497 1247 623 1308 iudices:
652 1266 742 1327 quum
769 1247 806 1308 de
828 1247 962 1326 pecuniis
989 1248 1160 1326 repetundis
1182 1265 1290 1310 nomen

175 1333 338 1418 cuiuspiam
362 1331 522 1402 deleratur,
545 1333 569 1392 si
592 1338 742 1393 certamen
764 1331 842 1392 inter
857 1330 971 1412 aliquos
991 1334 1029 1391 sit
1044 1334 1091 1392 cui
1105 1333 1289 1412 potissimum

90 1475 94 1482 ,
176 1416 284 1477 delatio
300 1416 394 1485 detur,
417 1417 491 1477 haec
506 1416 565 1477 duo
579 1418 611 1477 in
625 1417 732 1494 primis
747 1418 876 1494 spectari
891 1424 1037 1494 oportere,
1060 1435 1147 1496 quem
1164 1419 1291 1478 maxime

175 1499 267 1562 velint
293 1507 422 1562 actorem
450 1518 515 1561 esse
542 1503 563 1560 ii
590 1501 697 1580 quibus
726 1500 818 1562 laetae
841 1517 905 1562 essu
933 1501 1068 1562 dicantur
1090 1503 1231 1576 iniuriae,
1262 1512 1291 1563 et

177 1603 263 1663 quem
279 1586 401 1648 minime
417 1585 485 1646 velit
498 1588 523 1646 is
538 1589 588 1665 qui
604 1605 653 1647 eas
667 1586 788 1646 iniurias
803 1584 909 1646 iecisse
924 1593 1074 1663 arguatur.
1108 1586 1155 1646 lv.
1180 1584 1228 1647 11.
1253 1586 1286 1646 ln
1300 1586 1339 1649 11

134 1729 138 1740 ,
177 1671 232 1730 lrac
258 1687 359 1740 causa,
386 1671 508 1740 iudices,
530 1671 647 1731 tametsi
668 1680 826 1750 utrumque
847 1688 912 1732 esse
934 1669 1064 1730 arbitror
1090 1672 1290 1750 perspicuum,

174 1764 274 1815 tamen
295 1753 333 1815 de
348 1760 475 1834 utroque
491 1755 596 1824 dicam,
620 1761 649 1815 et
664 1754 700 1815 de
715 1773 751 1815 eo
765 1757 856 1832 prius,
881 1753 960 1835 quod
976 1755 1052 1834 apud
1069 1773 1119 1814 vos
1131 1756 1305 1834 plurimum.

174 1838 263 1901 debet
286 1837 392 1915 valere,
417 1839 474 1900 hoc
497 1846 549 1910 est,
573 1839 610 1899 de
631 1837 780 1900 voluntate
803 1857 906 1900 eorum
929 1837 1036 1918 quibus
1054 1841 1180 1901 iniuriae
1196 1841 1290 1900 tactae

174 1931 256 1984 sunt:
287 1940 412 2001 quorum
441 1941 526 1984 causa
554 1923 694 1984 iudicium
724 1923 761 1983 de
788 1925 923 2004 pecuniis
950 1924 1123 2003 repetundis
1153 1932 1196 1985 est
1219 1941 1290 1985 con·

174 2008 317 2068 stitutum.

259 2091 386 2154 Siciliam
414 2094 594 2172 provinciam
624 2092 655 2155 C.
684 2092 792 2154 Verres
819 2111 872 2171 per
907 2095 1066 2153 triennium
1098 2091 1291 2173 depopulatus

174 2196 247 2247 esse,
265 2175 431 2238 Siculorum
447 2179 578 2238 civitates
594 2184 730 2248 vastasse,
753 2177 856 2239 domos
872 2178 1048 2248 exinanisse,
1065 2178 1131 2240 lana
1147 2178 1291 2256 spoliasse

174 2261 289 2322 dicitur.
333 2261 461 2330 Adsunt,
496 2270 661 2340 queruntur
691 2261 781 2322 Siculi
816 2263 961 2330 universi;
996 2262 1032 2321 ad
1066 2279 1162 2322 meam
1191 2262 1289 2332 fidem,

175 2362 262 2424 quam
285 2345 397 2406 habent
418 2353 579 2422 spectatam
601 2346 659 2407 iarn
682 2352 711 2405 et
733 2347 896 2422 cognitam,
928 2346 1116 2422 confugiunt;
1148 2345 1287 2408 auxilium

174 2429 230 2490 sibl
253 2446 306 2509 per
328 2447 376 2490 me
398 2447 413 2489 a
437 2428 520 2490 robis
542 2437 628 2510 atque
651 2448 666 2489 a
689 2429 791 2509 populi
812 2430 937 2491 Romani
958 2429 1072 2508 legibus
1093 2437 1211 2509 petunt3
1242 2449 1291 2492 me

175 2514 363 2582 defensorem
392 2513 588 2575 calamitatum
617 2532 751 2584 suarum,
786 2533 833 2575 me
860 2513 988 2576 ultorem
1019 2516 1207 2591 iniuriarum,
1242 2533 1290 2576 me

176 2600 356 2675 cognitorem
384 2599 459 2659 iuris
481 2601 541 2669 sui,
571 2617 618 2661 me
640 2606 772 2660 actorem
794 2617 900 2660 causae
927 2600 1016 2660 totius
1038 2617 1103 2660 esse
1124 2599 1290 2662 voluerunt.

176 2680 226 2743 12.
249 2682 365 2754 Utrum,
387 2680 422 2752 Q.
446 2683 565 2754 Caecili,
588 2685 645 2744 hoo
668 2682 754 2754 dices,
779 2701 909 2744 menon
933 2683 1099 2745 Siculorum
1124 2693 1229 2762 rogatu
1252 2685 1288 2746 ad
1302 2682 1342 2746 12

173 2785 292 2828 causam
323 2768 480 2836 accedere,
518 2787 555 2828 an
592 2769 770 2846 optimorum
808 2767 1106 2846 fidelissimorumque
1142 2769 1290 2829 sociorum

719 2877 729 2904 O

172 2917 311 2984 sessione,
322 2915 403 2968 dator
412 2917 581 2969 existimatio
591 2920 707 2982 offenso,
792 2934 870 2984 quem
882 2918 999 2969 maxime
1008 2918 1102 2981 uelint,
1116 2917 1179 2968 weil
1189 2916 1227 2972 sie
1236 2917 1290 2970 ihm

173 2981 238 3038 lice.
252 2988 268 3035 2
280 2987 297 3048 S
311 2988 368 3049 117,
381 2983 579 3051 Missachtung.
758 3001 800 3035 am
824 2983 937 3037 meisten
960 2984 1107 3052 Fihiglreit
1130 2985 1184 3037 und
1206 2992 1291 3052 guten

206 3051 300 3104 idonei
313 3059 343 3103 at
362 3071 396 3104 ue
413 3053 515 3119 in'tepri
531 3051 641 3104 beuiehe
660 3053 710 3104 auf
757 3050 857 3103 Willen
870 3060 1019 3117 untrauen3
1033 3070 1112 3120 quem
1123 3053 1234 3105 minime
1245 3071 1288 3105 ue-

172 3117 276 3171 Telent
299 3071 360 3172 uni
376 3119 536 3186 character,
560 3120 706 3187 Fihiglreit
757 3120 804 3185 lit,
828 3119 950 3173 insolern
972 3120 1017 3172 ein
1035 3119 1141 3173 solcher
1158 3139 1212 3173 von
1232 3121 1290 3172 dem

173 3186 235 3268 und¹
254 3193 339 3254 guteu
361 3187 479 3254 Willen,
501 3191 585 3256 fidem
610 3198 636 3240 et
659 3191 703 3240 in·
756 3185 896 3268 ieronem
912 3187 1198 3270 deruproeparieantim
1220 3188 1244 3242 d.
1262 3187 1290 3239 h.

172 3254 394 3375 qeiieliirsiosuitbd'oe
414 3323 463 3376 hat
484 3339 545 3376 man
567 3323 595 3375 in
617 3324 704 3375 sudle-
756 3254 1291 3392 {letir‘iigtlennvfrasffi&giigzstenirltgfflirmoss'gn

174 3392 296 3442 eandam
313 3390 499 3443 umsohreiben
515 3390 628 3453 wollen3
650 3390 705 3457 vgl.
756 3389 834 3441 wird.
865 3389 907 3442 Zu
929 3389 1017 3444 dieser
1032 3389 1215 3456 Eintheilung
1235 3390 1290 3458 egl.

175 3459 236 3509 Act.
252 3463 265 3509 l
278 3461 294 3522 S
307 3463 335 3512 5:
352 3460 451 3526 ltaque
463 3460 530 3511 milei
542 3460 647 3524 videor,
659 3460 705 3511 iu·
756 3456 832 3508 Einl.
845 3461 869 3510 8.

174 3527 262 3591 dices,
280 3543 409 3592 moenum
425 3534 452 3579 et
463 3527 579 3577 maxime
592 3543 705 3592 asprum
790 3524 837 3576 IV.
857 3529 924 3588 §lt
944 3525 1291 3593 quorumcuuea,d.h.der

174 3600 202 3644 et
217 3609 304 3661 prope
321 3593 474 3660 depositam
494 3594 580 3661 reip.
598 3601 706 3662 purtem
757 3591 949 3660 geschddigten
983 3592 1175 3646 Provincialen
1211 3593 1291 3644 iiber·

172 3661 341 3728 suscepisse.
357 3703 364 3716 .
378 3701 384 3713 .
391 3681 401 3722 ‚·
413 3661 515 3713 accessi
532 3661 602 3712 enim
613 3662 651 3712 od
662 3662 706 3713 in·
757 3659 860 3730 haupt,
874 3663 1010 3713 sociorum
1022 3679 1110 3712 eausa
1123 3664 1138 3725 §
1153 3666 1192 3713 17.

174 3729 279 3780 vidium
291 3729 459 3780 iudiciorum
471 3729 628 3780 levandam.
793 3728 1199 3795 dicitur‚niehteinschweches
1207 3726 1289 3780 ‘soll'.

208 3798 284 3859 sto.
317 3795 461 3862 Uebergen
510 3811 572 3848 auru
596 3794 707 3864 Haupt·
792 3798 967 3861 cognitorem.
985 3798 1022 3849 So
1036 3794 1291 3861 hiessingewissen

174 3862 279 3927 theme,
296 3881 316 3915 s.
328 3863 403 3916 Einl.
417 3869 442 3918 8.
496 3864 559 3915 erlre
577 3865 707 3930 quonium
758 3862 854 3915 Fillen
870 3863 918 3915 der
928 3862 1165 3929 bevollrnrichtigte
1178 3862 1292 3916 Vertre-

173 3930 209 3982 im
226 3929 420 3998 Uebergange‚
443 3931 520 3984 nicht
540 3937 611 3983 etwa
632 3939 707 3998 post·
758 3939 801 3983 ter
810 3932 887 3983 einer
896 3930 990 3982 Partei
998 3948 1049 3982 vor
1058 3930 1183 3982 Gericht.
1201 3931 1292 3984 Doluit

172 4015 264 4066 quam.
758 4003 774 4061 S
787 4004 820 4052 54
832 4000 1001 4063 defensorem
1013 3999 1058 4048 aui
1070 3999 1152 4050 iuris.

207 4067 308 4133 quidus
321 4068 402 4118 rebus
414 4069 569 4119 adductus.-
581 4065 705 4118 welche?
792 4070 808 4128 ς
822 4071 861 4116 12.
881 4066 963 4130 dices,
975 4064 1026 4118 wie
1039 4069 1055 4130 s
1068 4070 1115 4130 523
1133 4084 1155 4120 s.
1169 4083 1203 4118 au
1217 4071 1233 4130 ,ς
1246 4071 1288 4119 59.

209 4135 241 4185 de
257 4135 383 4199 pecuniis
400 4136 576 4202 repetundis,
592 4152 613 4191 a,
631 4133 707 4188 Einl.
784 4132 1021 4200 fidelissimorum,
1053 4133 1093 4186 Im
1111 4134 1223 4201 Anleug
1245 4133 1291 4185 des

172 4204 190 4252 4
214 4203 358 4268 Anm.15;
383 4219 479 4254 nomen
506 4205 658 4268 deferatur,
681 4219 705 4253 s.
758 4199 874 4252 aweiten
898 4199 986 4253 Buchs
1009 4200 1057 4253 der
1080 4203 1175 4254 Aecus.
1198 4200 1292 4252 rrihrut

175 4267 248 4321 Einl.
262 4274 285 4320 1.
758 4268 854 4320 Cicero
883 4267 996 4321 Sicilieu
1031 4269 1070 4320 ela
1103 4268 1200 4321 diteste
1233 4267 1292 4320 und
