3004 4890
466 329 505 379 IN
524 329 558 390 Q.
573 327 776 378 CAECILIUM
796 323 940 379 ORATIO.
1226 325 1267 388 17

139 519 233 582 quarn
263 497 341 578 quod
372 513 439 557 eum
469 496 590 555 minimo
618 513 666 556 res
693 501 755 555 tota
779 495 913 555 delectat.
960 493 1043 554 Videt
1072 496 1166 564 enim,
1196 497 1221 555 si
1249 513 1265 555 a

143 585 244 666 pueris
266 579 422 651 nobilibus,
448 598 521 658 qnos
545 579 641 640 adhuc
664 578 760 648 elusit,
784 581 808 638 si
832 598 847 638 a
871 577 1167 656 quadruplatoribus,
1191 597 1268 658 quos

144 689 204 731 non
226 669 289 728 sine
314 683 401 726 causa
426 665 605 742 contempsit
635 682 753 742 semper
776 680 810 723 ac
833 681 888 743 pro
911 662 1002 723 nihilo
1025 665 1149 740 putavit,
1179 681 1267 724 acon·

145 754 229 816 sandi
256 749 390 811 noluntas
419 749 455 808 ad
483 750 562 808 viros
591 747 682 810 fortes
715 754 923 826 spectatosque
956 747 1092 807 homines
1126 746 1266 808 translate

145 842 191 908 sit,
215 855 282 898 sese
303 837 334 894 in
356 829 472 893 indiciis
494 833 602 893 diutius
625 831 772 893 dominari
795 849 854 891 nou
876 849 973 910 posse.
1017 831 1091 890 Vlll.
1113 827 1165 892 25.
1191 831 1265 892 lluic
1276 827 1321 893 25
1355 871 1358 876 ν
1397 899 1398 902 ¹

141 939 202 1000 ego
232 918 345 980 homiui
373 919 431 976 iam
460 925 529 977 ante
557 916 713 986 denuntio,
743 918 767 976 si
790 934 807 976 a
828 933 876 975 me
899 933 1015 976 causam
1046 915 1123 975 hanc
1146 931 1196 976 vos
1220 919 1268 996 agi

144 1005 311 1078 volueritis,
340 1003 484 1063 rationem
507 998 550 1060 illi
572 999 752 1060 defendendi
774 1007 866 1060 totam
888 1018 953 1060 esse
981 999 1152 1060 mutandam
1177 1003 1267 1062 etita

147 1085 275 1170 [tamen]
291 1085 476 1154 mutandam,
507 1093 540 1144 ut
567 1085 690 1145 meliore
714 1090 742 1146 et
763 1085 935 1144 honestiore
958 1083 1147 1154 condicione,
1178 1104 1266 1164 quem

136 1179 202 1254 'qua
223 1175 287 1254 ipse
309 1169 379 1238 vult,
402 1171 537 1230 imitetur
560 1169 694 1230 homines
718 1187 776 1238 coe,
801 1187 874 1247 quos
889 1170 951 1247 ipse
973 1169 1045 1228 vidit
1060 1167 1266 1248 amplissimos,

144 1259 176 1319 L.
202 1256 339 1317 Crassum
363 1262 393 1315 et
413 1254 452 1314 M.
469 1255 637 1323 Antonium,
662 1254 712 1333 qui
733 1253 806 1313 nihil
823 1272 854 1313 se
870 1252 1091 1313 arbitrabantur
1106 1254 1142 1313 ad
1158 1254 1267 1314 iudicia

146 1359 311 1418 causasque
334 1339 497 1399 amicorum
513 1345 632 1416 praeter
648 1338 736 1399 fidem
760 1347 789 1400 et
810 1339 960 1414 ingenium
977 1337 1095 1398 adferre
1118 1346 1267 1418 oportere.

145 1425 225 1486 Nihil
248 1426 305 1484 erit
327 1421 406 1503 quod
429 1441 477 1482 me
500 1430 605 1500 agente
627 1422 789 1482 arbitretur
810 1423 950 1483 iudicium
972 1424 1035 1482 sine
1059 1440 1166 1500 magno
1189 1424 1265 1483 mul-

146 1523 243 1570 torum
267 1506 401 1588 periculo
424 1523 510 1586 posse
540 1509 700 1586 corrumpi.
746 1503 797 1567 26.
821 1506 883 1584 Ego
912 1509 942 1566 in
971 1505 1027 1566 hoc
1055 1507 1164 1567 iudicio
1192 1507 1265 1568 mihi
1276 1503 1318 1570 26

146 1591 315 1655 Siculorum
339 1607 457 1652 oausam
474 1598 642 1670 receptam,
667 1591 768 1668 populi
783 1590 909 1651 Romani
925 1598 1091 1670 susceptam
1109 1609 1172 1652 esse
1188 1591 1269 1652 arbl-

148 1687 225 1748 tror,
261 1683 295 1737 ut
322 1675 394 1736 mihi
422 1692 482 1735 non
510 1694 586 1736 unus
614 1677 703 1735 homo
731 1674 885 1755 improbus
913 1675 1126 1754 opprimendus
1154 1678 1204 1746 sit,
1239 1677 1269 1735 id

149 1761 227 1841 quod
244 1759 336 1822 Siculi
351 1761 535 1840 petiverunt,
559 1759 612 1819 sed
635 1761 757 1818 omnino
777 1758 967 1838 improbitas,
990 1759 1019 1818 id
1042 1759 1120 1838 quod
1141 1759 1269 1838 populus

145 1845 295 1908 Romanus
322 1845 380 1903 iam
410 1843 460 1902 diu
482 1843 607 1921 flagitat,
639 1844 852 1920 exstinguenda
881 1850 968 1922 atque
997 1843 1121 1904 delenda
1144 1846 1190 1904 sit.
1234 1844 1269 1906 ln

142 1949 206 2010 quo
230 1947 285 2006 ego
308 1927 379 2007 quid
402 1929 475 1988 eniti
504 1934 555 1988 aut
582 1926 653 2006 quid
684 1927 803 1988 efficere
826 1931 953 2006 possim,
982 1927 1061 1988 malo
1088 1929 1120 1987 in
1142 1927 1267 1990 aliorum

147 2033 200 2093 spe
222 2013 393 2088 relinquere
415 2029 504 2090 quam
526 2013 556 2070 in
580 2013 712 2072 oratione
731 2017 800 2073 'mea
823 2030 945 2090 ponere.

147 2195 191 2230 um
208 2178 315 2230 danach
332 2177 391 2228 ihre
405 2175 597 2246 Abstimmung
615 2194 682 2229 con·
734 2178 811 2230 nicht
830 2178 883 2229 lest
904 2179 960 2230 und
981 2177 1018 2230 ist
1038 2177 1067 2230 in
1089 2178 1188 2231 diesem
1207 2179 1269 2232 ran

95 2283 102 2292 -
144 2245 458 2298 trolierenzulrdnnen.
508 2271 511 2278 ·
734 2245 953 2312 ungewdhnlich.

181 2311 683 2379 opuericncbilibue,geringschdtnig
768 2315 940 2377 condicione,
959 2311 1017 2363 hier
1034 2313 1082 2376 das
1099 2313 1174 2365 einer
1186 2330 1269 2380 gege-

144 2381 193 2433 fiir
207 2379 435 2444 adolescentulis,
448 2396 470 2431 s.
484 2379 559 2431 Einl.
573 2384 589 2432 5
602 2380 681 2432 Anm.
733 2381 820 2430 benen
831 2379 960 2446 Stellung
972 2381 1189 2446 entsprechende
1200 2382 1267 2432 Ver-

145 2453 188 2500 20.
211 2447 308 2499 Cicero
320 2446 406 2498 denkt
417 2446 487 2498 wohl
501 2447 635 2498 cundehst
647 2464 683 2498 cn
735 2447 843 2513 fabren,
857 2446 909 2498 wie
921 2447 954 2498 de
966 2446 1018 2513 leg.
1033 2463 1090 2514 agr.
1105 2452 1121 2499 2
1135 2453 1150 2512 ἕ
1164 2455 1193 2500 6:
1212 2467 1269 2501 non

146 2515 254 2594 Appius
268 2512 401 2565 Claudius
413 2513 541 2579 Pulcher,
559 2514 611 2565 den
626 2513 683 2565 An·
734 2516 843 2580 eadem,
872 2533 928 2581 paea
953 2517 1144 2581 superioribus
1168 2535 1268 2570 coneu-

146 2582 242 2648 klriger
260 2581 306 2633 des
323 2580 470 2632 Terentius
488 2580 592 2642 Varro,
615 2579 683 2632 viel·
735 2582 818 2647 libne,
839 2582 1000 2634 condicione
1020 2581 1113 2649 (mihi)
1135 2587 1270 2638 utendum

147 2649 230 2701 leieht
242 2649 356 2700 cuchen
368 2649 480 2712 Caesar,
492 2649 551 2700 dem
561 2647 684 2700 Horten·
736 2667 794 2718 erac
806 2651 921 2701 decrevi.

146 2717 203 2768 eice
214 2715 243 2767 in
256 2716 315 2766 dem
329 2715 623 2795 Repetundenprocess
636 2715 682 2768 des
770 2717 802 2768 L.
815 2718 947 2768 Croesum
960 2725 987 2768 et
999 2717 1039 2768 M.
1051 2719 1213 2776 Antonium,
1226 2718 1270 2770 die

146 2783 200 2834 Cn.
212 2782 355 2834 Dolabella
372 2799 408 2832 nu
426 2783 452 2834 J.
464 2789 498 2835 ’Π
518 2783 567 2836 mit
582 2783 683 2850 Erfolg
734 2783 939 2835 beriihmteeten
959 2783 1070 2835 Redner
1094 2801 1137 2839 um
1159 2785 1271 2852 Anfang

146 2858 410 2917 entgegengetreten
423 2866 488 2900 wer.
735 2849 780 2902 des
803 2850 905 2902 letzten
927 2848 1128 2904 Jahrhunderts
1150 2871 1173 2907 r.
1193 2853 1270 2918 chr,

145 2915 683 3051 ...2llttzll‘tlttltalthlbll
735 2917 1111 3049 delibili-gitti?
1124 2919 1270 3040 2ἓῖἒὲἔᾷ

148 3052 204 3104 und
217 3052 311 3106 darum
330 3051 399 3103 auch
417 3052 501 3104 leicht
517 3051 683 3104 bestechlich
736 3055 768 3118 Q.
787 3053 920 3106 Scaevola
943 3071 1012 3105 coes.
1032 3053 1082 3120 (im
1100 3053 1126 3110 J.
1145 3056 1190 3120 95)
1210 3057 1270 3123 pri-

147 3135 252 3172 weren.
288 3119 379 3170 Ueber
401 3118 445 3170 die
464 3119 613 3186 Ableitung
636 3119 682 3170 des
734 3138 808 3173 mum
825 3122 855 3172 in
871 3124 934 3185 soro
952 3123 1025 3174 dicit
1042 3151 1073 3158 -
1093 3125 1270 3190 undeviginti

147 3189 243 3239 Worte
266 3185 342 3252 gicht
363 3203 392 3236 es
412 3186 604 3239 verschiedene
628 3187 683 3238 alte
734 3196 932 3240 conconatur.

145 3254 349 3320 Erkldrungen.
373 3253 453 3305 Nach
470 3253 517 3304 der
528 3253 609 3305 einen
621 3253 683 3306 sind
768 3264 879 3321 practer
888 3257 975 3321 fidem
987 3264 1013 3307 ct
1025 3257 1177 3322 incenium.
1202 3259 1269 3309 Wee

148 3340 176 3376 ee
191 3321 330 3387 dnhldger
346 3320 375 3372 in
394 3320 505 3372 solchen
524 3321 684 3386 Proceeeen,
735 3322 823 3384 nicht,
844 3321 918 3388 zeigt
936 3322 1027 3376 Accu
1045 3328 1136 3385 §1742
1160 3326 1184 3375 ei
1202 3327 1270 3392 quid

150 3407 193 3441 wo
206 3389 255 3440 der
266 3387 450 3441 Verurtheilte
462 3389 514 3440 den
527 3388 683 3442 vierfuchen
736 3391 867 3456 artificio,
879 3391 1003 3454 consilio,
1017 3393 1152 3457 potentia,
1165 3394 1267 3457 pratia,

147 3457 246 3508 Werth
269 3457 315 3508 des
340 3455 532 3522 lllageobjects
560 3469 684 3509 ersetzen
735 3458 821 3523 copiis
834 3457 917 3506 iatius
930 3457 1021 3510 moliri
1034 3459 1150 3525 copitar,
1169 3477 1270 3526 mapno

147 3532 264 3588 museto,
289 3523 341 3577 wie
364 3523 432 3574 heim
455 3523 588 3586 Wucher3
615 3523 684 3574 nach
735 3541 816 3591 opere
828 3541 922 3574 censeo
936 3527 1064 3579 desistas.

146 3591 223 3643 einer
233 3591 352 3643 anderen
362 3589 510 3656 Anlrlriger,
524 3590 611 3642 dicim
623 3591 684 3642 narr
770 3595 834 3655 526.
849 3600 984 3658 receptam
995 3592 1034 3644 als
1044 3593 1268 3662 Verpllichtung,

147 3659 194 3709 des
218 3659 296 3725 Siegs
324 3658 376 3709 den
401 3657 504 3708 vierten
529 3657 611 3709 Theil
636 3658 684 3712 der
735 3665 891 3725 susceptam
921 3659 1070 3726 freiwillig.
1107 3661 1161 3712 Das
1192 3661 1269 3729 Spiel

148 3725 239 3778 Griter
256 3727 303 3778 des
319 3724 507 3792 Angelrlagten
525 3741 587 3776 zum
603 3724 684 3777 Lohn
736 3726 786 3781 mit
796 3727 974 3844 Compositeu
987 3728 1125 3780 desselben
1135 3731 1270 3781 Stemmes

145 3793 297 3860 erhieltcn,
312 3793 363 3844 wie
374 3791 417 3844 bei
429 3791 666 3862 Proscriptionen.
735 3795 848 3846 rechnet
878 3813 908 3846 er
920 3797 1009 3846 autor
1021 3795 1054 3846 ad
1068 3795 1169 3848 Hercu.
1183 3799 1199 3846 4
1211 3800 1227 3858 ὃ
1237 3801 1270 3848 ’29

182 3863 250 3922 525.
272 3869 299 3912 et
312 3863 352 3912 ito
366 3865 544 3926 mutandam,
560 3859 608 3912 mit
620 3860 684 3911 rhe-
733 3878 769 3913 nu
782 3862 830 3913 der
841 3862 927 3928 Figur
938 3862 986 3913 der
999 3865 1191 3914 adnominatio
1204 3863 1271 3915 oder

147 3925 283 3980 torischer
303 3927 517 3996 Wiederholung
545 3927 683 3982 desselben
734 3932 935 3996 παρονομασία
946 3929 995 3980 mit
1007 3929 1067 3980 dem
1081 3930 1211 3999 Beispiel:
1226 3935 1271 3984 ‹le-

146 3996 242 4046 Worts
260 3994 304 4045 bei
320 3995 407 4046 einem
418 3995 612 4048 erliiuternden
626 3996 683 4047 Zu-
735 3998 819 4062 liperc
831 4005 951 4062 oportet,
970 4015 1048 4064 quem
1061 3999 1268 4066 oetieotttpcre.

146 4071 224 4127 sate,
243 4060 294 4114 wie
306 4079 330 4114 z.
350 4061 381 4115 Β.
394 4061 428 4113 de
440 4063 505 4131 imp.
520 4064 572 4115 Cn.
588 4064 682 4132 Pomp.
735 4063 797 4131 Vgl.
812 4063 881 4115 auch
895 4068 910 4126 §
924 4067 966 4116 28.

148 4131 165 4194 S
179 4135 209 4183 'lc
224 4137 322 4196 repeat
335 4138 361 4179 ct
374 4130 414 4180 ita
428 4139 536 4196 repeat,
550 4135 565 4194 §
581 4137 625 4186 10:
640 4133 683 4184 di·
768 4133 879 4183 omnino
890 4133 1061 4196 improbitas,
1072 4132 1100 4184 in
1110 4132 1269 4185 derl'erson

148 4215 209 4250 curu
227 4225 257 4234 -
275 4198 360 4249 etita
377 4197 475 4249 dicam.
505 4198 560 4250 Der
578 4198 683 4251 Zusatz
734 4196 1273 4267 gessissenloserMagistrate,bertech-

147 4281 203 4317 von
234 4273 323 4316 tumen
352 4264 426 4316 steht
447 4263 683 4320 ‘handschriltlich
734 4267 819 4317 lic-her
839 4265 955 4318 Richter
980 4268 1035 4320 und
1061 4268 1128 4320 aller
1149 4267 1269 4320 Mittels-

200 4356 333 4410 Richter,
347 4357 446 4399 Oiccro’r
459 4358 531 4399 divin.
1050 4357 1065 4403 2
