3004 4890
205 222 250 285 24
565 224 602 274 M.
617 222 744 272 TULLII
764 221 961 274 CICERONIS

211 397 251 454 ita
274 394 348 453 mibi
378 391 449 450 deos
476 389 561 450 velim
590 391 748 468 propitioS,
782 399 830 460 ut,
861 408 950 470 quum
981 388 1058 450 illius
1086 391 1157 450 mihi
1188 393 1334 472 temporis

208 479 342 538 venitin
365 483 510 544 arentem,
544 493 603 552 quo
633 475 678 534 die
710 475 799 534 citato
826 493 879 534 reo
908 473 980 532 mihi
1003 473 1159 534 dicendum
1183 477 1236 546 sit,
1270 493 1334 536 uon

212 561 309 622 solum
332 577 520 620 commoveor
543 560 655 628 animo,
685 558 736 619 sed
766 559 853 618 etiam
877 565 938 618 toto
966 575 1092 638 corpore
1121 559 1330 638 perhorresco.

107 633 115 640 ⁸
153 643 264 710 4242.
289 647 348 707 lam
372 661 452 704 nunc
474 649 573 703 mente
596 651 625 702 et
648 643 825 720 cogitatione
853 643 1017 721 prospicio,
1046 649 1206 720 quactum
1237 645 1333 705 studia

210 731 379 799 hominnm,
414 729 464 806 qui
492 745 655 788 concursus
684 727 775 788 laturi
803 727 875 796 sint,
911 734 1049 807 quantam
1080 730 1331 804 exspectationem

209 813 380 891 magnitudo
403 813 505 872 iudicii
526 813 564 872 sit
587 809 733 880 adlatura,
763 817 902 890 quantam
924 811 1091 871 auditorum
1111 812 1330 874 multitudinem

210 898 330 959 inlamia
353 897 384 958 d.
407 895 508 956 Verris
532 897 730 964 concitatum,
754 902 894 974 quantam
918 894 1045 974 denique
1067 895 1245 957 audientiam
1262 915 1330 956 ora-

212 985 284 1044 tioni
306 999 390 1042 meae
412 979 588 1060 improbitas
611 977 687 1040 illius
709 979 823 1039 lactura
846 979 892 1039 sit.
932 977 1012 1047 Quae
1028 997 1120 1059 quum
1137 983 1248 1060 cogito,
1272 981 1330 1042 iam

215 1067 424 1144 linostimos,
455 1063 594 1143 quidnam
619 1082 672 1142 pro
696 1064 857 1124 oll'ensione
879 1062 1047 1134 hominum,
1077 1065 1128 1142 qui
1150 1063 1192 1124 illi
1219 1065 1331 1126 inimici

216 1151 384 1227 infensique
408 1156 490 1218 suut,
520 1155 548 1209 et
570 1149 790 1226 exspectatione
807 1149 938 1207 omnium
955 1156 984 1208 et
1006 1149 1208 1225 magnitudine
1230 1167 1331 1208 rerum

160 1233 203 1298 43
217 1235 339 1314 dignum
354 1232 451 1311 eloqui
463 1229 692 1311 possim.43.Tu
702 1232 808 1292 horum
822 1231 894 1291 nibil
907 1234 1023 1302 metuis,
1041 1231 1114 1291 nibil
1121 1234 1241 1310 cogitas,
1257 1232 1331 1294 nibil

213 1319 347 1388 laboras;
377 1318 401 1376 si
424 1316 494 1394 quid
517 1324 672 1376 exuetere
696 1315 790 1395 aliqua
814 1319 962 1376 oratione:
997 1317 1109 1377 lovEM
1137 1329 1207 1378 ndo
1237 1330 1334 1377 orsl-

210 1416 289 1464 MuM
312 1414 495 1477 MAXIMUM,
520 1409 584 1460 aut:
607 1408 766 1480 VELLEM,
790 1413 821 1461 SI
841 1414 938 1460 FIERI
953 1413 1158 1483 Pormssnr,
1180 1413 1336 1480 mulene,

210 1495 263 1548 aut
285 1485 393 1565 aliquid
418 1487 480 1545 eius
507 1485 588 1544 modi
617 1484 750 1544 ediscere
779 1487 927 1562 potueris,
961 1484 1115 1563 praeclare
1139 1493 1166 1546 te
1194 1493 1329 1564 paratum

209 1576 242 1632 in
264 1571 406 1630 iudicium
429 1577 586 1629 venturum
609 1568 772 1629 arbitraris
848 1615 855 1630 ,
1056 1629 1079 1644 q

119 1718 122 1728 ,
157 1655 203 1718 44
300 1651 353 1714 44.
377 1655 417 1713 dc
441 1655 466 1712 si
487 1653 541 1714 tibi
564 1670 651 1713 nemo
673 1671 871 1732 responsurus
894 1661 985 1728 esset,
1016 1661 1114 1714 tamen
1135 1653 1231 1732 ipsam
1260 1669 1335 1714 cau·

211 1757 291 1808 sam,
316 1745 349 1798 ut
371 1755 425 1816 ego
448 1737 592 1804 arbitror,
629 1737 832 1798 demonstrare
853 1755 912 1797 non
936 1757 1052 1818 posses:
1087 1755 1166 1798 nunc
1194 1756 1231 1797 ne
1259 1736 1334 1797 illud

210 1824 332 1904 quidem
355 1824 481 1900 cogitas,
514 1821 565 1881 tibi
594 1840 660 1882 oum
685 1821 805 1882 bomine
833 1821 1028 1883 disertissimo
1052 1828 1080 1882 et
1109 1822 1144 1882 ad
1174 1821 1330 1882 dicendum

209 1907 396 1988 paratissimo
419 1907 551 1967 laturum
575 1923 639 1967 esse
663 1914 829 1976 certamen,
863 1907 982 1984 quicum
1004 1906 1093 1967 modo
1116 1905 1336 1974 disserendum,

244 2073 286 2124 ita
304 2072 372 2122 mibi
391 2073 454 2122 deos
471 2099 518 2137 -‚
542 2077 581 2122 ‘so
599 2071 677 2122 wahr
693 2071 746 2122 wie

209 2139 254 2190 ich
271 2137 423 2204 wdnsche’‚
447 2137 505 2189 bier
540 2137 675 2190 eriodiscb
696 2138 747 2190 mit

210 2205 365 2274 folgendem
395 2214 439 2272 ut,
477 2223 511 2256 an
532 2205 647 2258 erwirts
677 2205 747 2257 such

211 2273 429 2343 parenthetisch.

245 2344 330 2393 citato
348 2359 407 2408 reo,
425 2341 443 2392 i.
461 2359 483 2393 e.
497 2340 591 2396 Verre.
622 2342 672 2392 Am
691 2343 747 2393 Ge·

210 2409 361 2476 ricbtstage
381 2409 495 2460 wurden
520 2409 681 2461 zuvdrderst
704 2409 747 2460 die

209 2477 307 2528 beiden
317 2475 447 2527 Parteien
460 2478 545 2528 durch
556 2477 635 2527 einen
645 2495 745 2544 praeco

210 2542 384 2608 autgerufeu.

244 2611 516 2661 commoveeranimn.
527 2609 590 2660 Dies
596 2608 747 2661 versichert

211 2677 242 2730 C.
263 2676 335 2728 auch
356 2684 446 2739 sonst‚·
470 2676 521 2728 den
540 2676 639 2728 Grund
656 2676 746 2727 dauon

212 2744 289 2811 giebt
300 2761 330 2795 er
342 2743 375 2794 de
387 2747 549 2808 or.1§120
562 2759 612 2794 an:
631 2751 662 2794 ut
675 2744 747 2794 enim

211 2813 328 2879 quisque
337 2813 436 2878 optime
446 2813 524 2877 dicit,
534 2813 575 2863 ita
582 2811 747 2862 marimens·

210 2881 290 2932 cendi
301 2880 493 2946 difficultatem
506 2880 653 2946 uariosque
666 2895 747 2930 eaen-

210 2953 257 2998 tus
293 2947 429 2998 orationis
464 2947 748 3014 exspectationemque

210 3015 353 3065 bominum
365 3015 540 3080 pertimescit.

245 3084 309 3144 542.
322 3081 508 3146 concitatum,
518 3079 625 3132 stiirlrer
634 3079 674 3131 als
684 3095 747 3131 con-

211 3154 356 3208 uocatura,
370 3155 517 3207 coactura;
531 3147 586 3214 vgl.
599 3149 686 3198 citare
696 3164 747 3214 po-

209 3217 322 3284 palum,
342 3223 484 3281 senatum,
497 3233 524 3284 p.
537 3214 598 3269 Mil.
611 3219 627 3278 5
639 3219 685 3267 38:
704 3221 747 3265 ta-

211 3284 269 3335 tius
287 3283 389 3334 ltaliae
404 3299 569 3347 concursus,
594 3299 671 3350 quem
688 3300 748 3333 mea

212 3351 474 3416 soloccumberet,
490 3349 558 3406 Hor.
572 3367 655 3402 carus.
670 3357 693 3414 1,
705 3353 749 3416 35,

212 3421 257 3470 15:
271 3419 309 3468 ad
322 3435 401 3468 arma
414 3419 531 3470 concitet
536 3439 544 3478 ;
557 3417 599 3468 bei
610 3416 670 3470 Liv.
686 3433 712 3468 u.
723 3432 747 3468 a.

211 3485 326 3540 concire,

246 3550 397 3616 offensione
410 3549 470 3602 hier
480 3550 510 3602 in
524 3551 656 3620 passivam
666 3550 748 3614 Sina,

211 3619 260 3670 das
272 3618 442 3684 bergerniss,
455 3617 503 3670 das
514 3636 575 3670 man
587 3633 746 3684 genommeu

211 3685 276 3752 hat,
288 3703 308 3740 s.
322 3684 494 3752 Nigelsbacb
507 3685 538 3736 L.
551 3687 613 3738 Stil.
627 3689 642 3742 §⁴
655 3688 696 3736 59.

247 3755 361 3820 dignum
374 3771 477 3819 causa,
490 3771 554 3820 pra,
571 3752 607 3804 im
620 3751 747 3802 Verbiilt-

212 3819 268 3872 niss
280 3838 332 3887 zu,
345 3821 398 3872 wie
410 3820 478 3873 Sall.
491 3821 551 3872 Cat.
562 3822 605 3885 51,
617 3821 646 3869 8:
660 3820 747 3884 digua

211 3885 746 4004 picenaprosectiseoruns‚oderTerent.

239 3960 322 4020 Μ,
341 3960 365 4020 1,
388 3961 434 4007 122
460 3974 498 4007 au
522 3957 673 4023 quidquam
697 3971 747 4022 pro

212 4023 274 4072 istis
285 4023 370 4087 factis
383 4024 497 4088 dignum
510 4031 536 4074 te
548 4024 603 4074 diei
615 4022 725 4088 potest?

247 4091 310 4153 sle.
323 4089 413 4140 lovem
423 4106 520 4154 epo—.
545 4089 607 4141 Alte
613 4089 748 4140 Erklirer

212 4157 368 4224 bemsrken‚
381 4155 441 4208 dass
452 4153 522 4208 Cato
533 4155 679 4208 Censorius
691 4155 746 4208 und

799 2071 830 2122 C.
849 2071 989 2122 Gracchus
1012 2071 1072 2122 ihre
1089 2071 1183 2122 Reden
1205 2071 1256 2123 mit
1273 2071 1332 2123 An·

798 2137 899 2204 rulung
911 2138 959 2190 der
968 2138 1096 2192 Gottheit
1109 2139 1262 2206 hegennen,
1276 2138 1334 2190 und

799 2223 908 2257 neuneu
937 2205 994 2258 dies
1022 2205 1067 2258 ein
1096 2209 1240 2261 exordium
1273 2208 1332 2258 uul-

798 2291 874 2340 pem,
888 2275 1015 2342 ‘quadiu
1027 2276 1123 2342 piures
1132 2293 1234 2328 causas
1242 2281 1334 2342 potest

799 2343 1017 2406 adcommodari,
1041 2351 1073 2394 ut
1094 2343 1240 2394 conuenire
1256 2342 1333 2392 uide·

799 2415 889 2460 atur’.
908 2408 940 2460 de
953 2410 1012 2460 Inv.
1028 2413 1041 2459 1
1056 2413 1071 2472 §
1085 2413 1127 2462 26.

836 2477 944 2535 Vellem,
959 2478 984 2526 si
994 2477 1062 2542 fieri
1073 2493 1100 2541 p.
1124 2475 1202 2526 Docb
1214 2475 1334 2526 braucbt

799 2543 870 2594 auch
888 2543 918 2592 C.
938 2541 1017 2592 einen
1039 2541 1186 2592 ihnlicben
1202 2542 1337 2607 Eingang

797 2613 826 2660 in
851 2608 898 2660 der
921 2608 996 2659 Rede
1020 2625 1070 2676 pro
1092 2607 1183 2660 Sulla:
1207 2609 1335 2660 Maxime

798 2679 905 2740 vellera,
919 2677 1039 2741 iudices,
1059 2684 1092 2728 ut
1103 2677 1134 2727 Ρ.
1147 2677 1228 2728 Sulla
1242 2683 1267 2726 et
1280 2693 1332 2726 an-

798 2751 843 2796 tea
857 2743 1005 2809 dignitatis
1018 2743 1274 2811 suaespleudarem
1286 2743 1333 2794 ob·

799 2813 887 2863 tinere
898 2839 931 2848 —·
943 2811 1087 2878 potuisset.

834 2885 885 2930 aut
895 2879 1004 2946 aliquid
1014 2879 1159 2942 eiusmodi,
1173 2879 1238 2930 oder
1248 2881 1334 2932 etwas

800 2945 929 3011 anderes,
946 2951 1024 2998 sonst
1036 2950 1121 2997 etwas
1134 2944 1182 2997 der
1195 2947 1262 3009 Art,
1280 2944 1333 2996 wie

799 3013 912 3068 Tusc.3
930 3016 992 3076 §44
1009 3011 1073 3064 oder
1089 3012 1244 3076 ib.1§74:
1262 3019 1334 3062 tam·

800 3097 883 3147 quam
899 3098 916 3130 a
933 3080 1103 3146 magistratu
1120 3088 1172 3131 aut
1188 3081 1222 3131 ab
1236 3079 1333 3146 aliqua

799 3155 935 3215 potestate
952 3147 1075 3214 legitima
1094 3155 1238 3206 euocatum·
1256 3163 1277 3210 s.
1297 3161 1335 3196 eu

835 3286 909 3347 stt.
941 3283 1032 3347 ipsam
1054 3297 1181 3340 causam,
1206 3279 1251 3331 fur
1274 3279 1333 3332 sich

801 3348 883 3400 allelu
906 3347 976 3400 ohne
997 3347 1040 3399 die
1061 3347 1155 3400 Kunst
1176 3346 1248 3399 ihres
1264 3347 1333 3398 Ver-

800 3417 931 3481 fechters,
943 3415 999 3482 vgl.
1015 3420 1030 3480 ᾗ·
1041 3419 1075 3467 46
1086 3423 1165 3482 gestu
1177 3416 1248 3495 ipsc.

834 3501 869 3535 ue
884 3512 917 3520 -
935 3485 1059 3550 quidem,
1082 3483 1152 3535 auch
1170 3482 1260 3546 nicht,
1283 3481 1341 3532 wie

800 3555 862 3615 §ts
875 3550 982 3604 unaco.

833 3637 894 3670 cum
915 3617 943 3671 it.
968 3618 1156 3669 disertissimo.
1185 3615 1248 3682 Vgl.
1268 3615 1342 3667 tiber

799 3685 965 3738 Hortensius
990 3684 1098 3736 Ciceros
1122 3683 1234 3736 Urtheil
1254 3683 1334 3739 Brut.

800 3757 815 3818 S
829 3759 892 3807 3032
911 3760 973 3806 erat
989 3753 1019 3804 in
1032 3754 1177 3804 uerborum
1189 3753 1336 3818 splendore

799 3823 919 3887 elegans,
932 3820 1126 3888 compositione
1136 3825 1229 3887 aptus,
1242 3819 1339 3884 saeui--

799 3897 858 3940 tate
881 3889 1023 3955 copiosus,
1053 3903 1139 3954 eaque
1165 3894 1227 3938 erat
1250 3903 1338 3953 quum

799 3971 904 4007 summo
916 3955 1042 4020 iugenio,
1056 3962 1115 4006 tum
1128 3953 1336 4006 exercitationi·

800 4024 851 4073 bus
860 4023 988 4073 maximis
998 4029 1170 4074 consecutus.
1189 4021 1256 4071 Rem
1266 4037 1336 4071 com·

799 4091 971 4156 plectebatur
995 4090 1165 4154 memoriter,
1194 4087 1361 4139 diuidebat'

800 4164 895 4222 acute,
929 4173 978 4210 uec
1006 4156 1246 4224 praetermittebat
1278 4158 1340 4220 fere
