3004 4890
478 273 517 324 IN
536 273 570 334 Q.
582 269 785 322 CAECILIUM
805 269 950 325 ORATIO.
1235 270 1280 334 25

159 445 250 508 modo
278 441 360 503 omni
388 441 503 501 ratione
530 439 721 520 pugnandum
752 439 986 526 certandumque
1014 441 1062 502 sit.
1106 441 1195 502 Cuius
1224 459 1280 519 ego

162 529 318 608 ingenium
340 527 379 585 ita
403 525 505 596 laudo,
529 532 561 585 ut
583 542 642 584 non
665 524 890 603 pertimescam,
914 526 952 584 ita
977 523 1084 602 probo,
1114 532 1147 584 ut
1167 543 1215 586 me
1244 523 1281 585 ab

167 621 202 675 eo'
225 610 366 673 delectari
389 609 503 670 facilius
525 627 612 690 quam
642 608 738 686 decipi
761 607 863 686 putem
885 625 982 688 posse.
1012 607 1084 670 XlV.
1115 609 1280 688 Numquam

162 697 212 760 ille
243 715 291 756 ma
321 695 471 773 opprimet
504 692 642 762 consilio,
682 699 841 770 numquam
872 691 931 754 ullo
964 694 1088 754 artifieio
1121 701 1282 772 pervertet,

164 798 327 862 numquam
350 780 471 856 ingenio
493 797 542 838 me
564 796 617 838 suo
641 775 817 838 labefactare
841 785 929 856 atque
945 778 1095 838 infirmare
1111 776 1282 838 conabitur:

162 868 231 928 novi
253 880 355 925 omnes
376 862 505 922 hominis
529 862 684 940 petitiones
706 861 896 941 rationesque
919 861 1051 932 dicendi;
1074 879 1162 939 saepe
1185 861 1215 920 in
1231 863 1282 922 iis·

164 951 246 1017 dem.
283 965 372 1026 saepe
395 949 424 1007 in
456 947 612 1008 contrariis
641 945 737 1006 causis
765 947 872 1006 versati
897 963 1007 1006 sumus.
1052 945 1094 1006 lta
1116 953 1283 1005 contrame

162 1034 213 1094 ille
237 1033 331 1102 dicet,
353 1031 487 1110 quamvis
509 1032 547 1092 sit
567 1027 753 1108 ingeniosus,
783 1038 899 1090 utnon
922 1028 1033 1091 nullum
1058 1031 1147 1090 etiam
1169 1029 1206 1089 de
1229 1047 1282 1090 suo

161 1119 280 1196 iugenio
303 1116 444 1179 iudicium
466 1115 532 1174 fleri
553 1113 726 1176 arbitretur.
748 1110 800 1176 45.
824 1113 867 1174 Te
882 1132 969 1184 vero,
993 1113 1114 1185 Caecili,
1138 1113 1279 1194 quemad·
1290 1113 1334 1178 45
1410 1097 1436 1150 ⁶

161 1202 283 1265 modum
307 1203 344 1262 sit
367 1198 518 1268 elusnrus,
542 1217 630 1277 quam
653 1200 734 1258 omni
756 1199 871 1259 ratione
893 1199 1069 1269 laetaturae,
1099 1198 1199 1258 videre
1222 1199 1279 1259 iam

72 1295 75 1302 ’
162 1285 278 1355 videor;
309 1285 445 1365 quotiens
472 1282 522 1343 ille
549 1281 604 1344 tibi
631 1289 807 1362 potestatem
836 1283 1045 1361 optionemque
1074 1284 1205 1348 lactarus
1234 1285 1281 1350 sit,

163 1377 197 1432 ut
219 1369 311 1448 eligas
333 1376 432 1429 utrum
456 1367 543 1437 velis,
573 1366 682 1428 lactum
712 1385 777 1428 esse
800 1385 909 1437 necne,
943 1385 1048 1428 verum
1071 1385 1135 1429 esse
1163 1385 1201 1426 an
1228 1365 1282 1426 lal-

163 1474 245 1524 sum;
267 1464 368 1516 utrum
391 1453 516 1528 dixeris,
540 1451 570 1511 id
594 1458 697 1512 contra
720 1459 750 1512 te
772 1451 914 1513 laturum.
948 1451 1006 1523 Qui
1027 1447 1081 1512 tibi
1096 1457 1209 1521 aestus,
1232 1452 1284 1530 qui

163 1557 264 1609 error,
299 1556 374 1619 quae
403 1536 562 1605 tenebrae,
598 1535 627 1596 di
655 1534 851 1596 immortales!
882 1543 985 1606 erunt,
1021 1536 1136 1596 bomini
1163 1535 1284 1596 minime

163 1622 254 1684 malo!
288 1621 382 1692 Quid?
415 1638 505 1701 quum
528 1620 724 1680 accusationis
748 1627 813 1681 tuae
837 1619 969 1680 membra
993 1619 1123 1680 dividere
1152 1618 1285 1698 coeperit

165 1709 244 1770 etin
267 1707 365 1784 digitis
387 1707 447 1775 suis
462 1703 593 1782 singulas
607 1712 708 1782 partes
723 1721 830 1766 causae
853 1705 1051 1765 constituere?
1074 1704 1170 1776 Ouidi
1193 1721 1284 1784 quum

163 1790 410 1871 unumquidque
440 1789 621 1867 transigere,
656 1788 810 1868 expedire,
845 1787 1018 1850 absolvere?
1050 1788 1117 1868 lpse
1148 1787 1283 1868 prolecto

164 1991 315 2059 quidquam
328 1991 401 2056 quod
415 1996 485 2041 esset
499 1988 530 2040 in
546 2004 634 2040 causa
647 1993 699 2038 aut

165 2060 202 2110 ad
215 2059 437 2126 confirmandum
453 2062 505 2108 aut
522 2057 559 2106 ad
572 2056 699 2121 refellen-

165 2128 240 2178 dam.

199 2192 273 2244 omni
296 2191 419 2250 ratione3
449 2188 500 2240 auf
520 2189 573 2241 alle
598 2189 699 2242 andere

165 2258 298 2326 miglicbe
309 2257 415 2322 Weiae,
426 2274 448 2310 a.
463 2273 497 2308 zu
511 2260 527 2321 ς
540 2261 580 2310 16.

199 2323 699 2389 ita-utiubescbriinlrendemsinn,

167 2411 218 2447 nur
229 2391 355 2446 insoweit
371 2392 432 2445 dass
446 2415 479 2435 =
492 2407 568 2444 awai·
580 2420 611 2428 —·
626 2391 697 2442 aber.

198 2461 274 2514 XIV.
303 2462 418 2512 consilio
442 2465 494 2511 etc.
518 2459 543 2512 d.
567 2458 592 2509 b.
614 2457 699 2510 durch

165 2528 328 2608 Sophismen
341 2528 396 2579 und
408 2525 584 2579 dialelrtiscbc
593 2525 700 2577 Konst-

166 2592 699 2649 stuclrentattdurchsacblicthrrinda.
717 2603 724 2614 ¹

199 2665 358 2731 petitiones,
377 2662 421 2713 ein
434 2660 698 2727 Fecbterausdruck,

165 2749 227 2784 vom
242 2729 356 2796 Angriff
371 2729 422 2780 mit
438 2725 618 2780 Stosswaffen
636 2727 699 2779 ber-

166 2813 337 2864 genommen,
348 2795 378 2846 in
388 2795 445 2846 dem
458 2793 507 2846 mit
515 2799 701 2864 pugnandum

165 2867 361 2932 begonnenen,
374 2861 459 2914 durch
472 2880 506 2930 op
528 2864 619 2926 rimet,
637 2880 700 2930 per-

165 2939 267 3050 qqqget,
299 2932 469 2996 labefactare
497 2881 701 2998 lbrtgeftihrten

192 3018 201 3050 ι
230 3017 255 3054 e.

200 3069 231 3119 in
248 3067 360 3130 iisdem,
381 3065 412 3116 in
429 3066 580 3118 contrariis
597 3065 701 3130 caucia,

167 3134 194 3186 d.
207 3134 232 3187 b.
245 3133 274 3184 in
292 3129 438 3184 denselben
453 3132 603 3184 Processen
621 3131 701 3185 tbeils

167 3201 232 3266 mit,
244 3199 326 3254 theils
338 3215 426 3266 gagen
438 3199 579 3251 einander.

202 3269 356 3320 arbitretur
378 3267 407 3317 in
425 3265 629 3332 Abhingigkeit
648 3283 703 3319 von

167 3335 253 3387 einem
271 3335 410 3388 Futurum
433 3333 517 3386 selbot
539 3339 609 3386 stati
628 3333 703 3386 eines

168 3404 287 3469 Futura,
303 3401 356 3454 wic
368 3404 548 3470 respondeam
561 3405 577 3465 §
589 3407 631 3456 50.
662 3402 702 3452 Im

166 3469 273 3540 Kampi
300 3469 350 3522 mit
384 3469 470 3520 ciuem
504 3467 703 3536 ebeubiirtigen

168 3540 280 3604 Gcgner
302 3536 375 3594 wird,
391 3535 555 3588 Hortensius
579 3536 702 3589 vorsieb-

167 3605 241 3671 tiger
262 3603 337 3670 sein,
360 3603 422 3655 weil
445 3621 475 3656 er
496 3603 582 3655 durch
600 3603 703 3656 Finten

167 3669 705 3738 undFinessen,wennaiemissglirclrcu,

168 3739 261 3793 aeinen
273 3739 334 3790 Rui
344 3739 416 3791 auPs
428 3738 504 3807 Spiel
516 3745 595 3791 setzt.

202 3811 269 3872 545.
289 3809 463 3874 iactaturus,
477 3806 525 3857 hin
539 3805 594 3857 und
604 3805 662 3871 ber,
674 3803 703 3856 in

167 3873 211 3926 die
222 3873 302 3940 Euge
314 3871 427 3926 treiben.

201 3943 296 3992 videre
307 3942 364 3992 iam
376 3943 480 4008 videor,
493 3941 583 3994 eines.
594 3956 621 4007 g.
632 3935 703 3994 ὑπο·

170 4002 297 4070 τύπωσις
310 4007 375 4060 oder
388 4016 492 4062 ‘rerum
510 4011 592 4075 quasi
603 4026 704 4075 aaran·

168 4085 216 4128 tur
226 4078 276 4131 aab
287 4079 447 4144 adspectum
477 4077 702 4141 aeneauba'ectin',

168 4142 201 4194 de
219 4161 257 4200 or.
276 4149 291 4196 3
309 4147 396 4207 §202
428 4095 497 4196 ‘nbc
522 4145 611 4196 nolum
631 4161 703 4211 quae

167 4213 245 4278 sacta
256 4213 315 4263 sint
324 4211 468 4276 autfiant‚
481 4213 529 4262 aed
540 4212 622 4264 etiam
632 4227 703 4278 quae

748 1989 851 2052 futura
875 1987 934 2039 eint
957 1994 1008 2040 aat
1034 1989 1136 2068 [utura
1165 1987 1285 2053 fuerint,

750 2055 960 2120 r'mapinamar'⁸
988 2055 1085 2118 Quint.
1098 2058 1123 2118 9,
1136 2057 1163 2135 2,
1174 2057 1216 2106 41.

784 2123 872 2188 eligas
884 2129 980 2175 utram
993 2123 1069 2184 aclis,
1082 2121 1138 2174 also
1151 2138 1181 2172 ιιι
1190 2119 1285 2172 dilem-

750 2187 898 2242 matiscber
911 2190 1005 2250 Forma
1021 2189 1077 2256 vgl.
1092 2189 1190 2252 Quint.
1205 2193 1287 2254 o,10,

751 2262 797 2310 69:
815 2258 862 2308 Fit
874 2257 958 2308 etiam
976 2275 1009 2310 aa·
1027 2259 1151 2322 duobus,
1168 2273 1287 2324 quarum

750 2341 857 2376 neaerae
869 2332 910 2375 eat
919 2327 1037 2378 alterum
1049 2342 1143 2376 oerum
1157 2341 1223 2388 esse,
1237 2323 1287 2374 eli-

751 2393 834 2458 pendi
845 2393 1008 2444 adversario
1020 2399 1143 2458 potestas
1154 2391 1287 2459 efficitur·

751 2477 813 2526 que,
825 2466 858 2511 ut
870 2467 965 2511 utram
977 2459 1089 2524 elegerit
1100 2465 1207 2510 noceat.
1220 2457 1287 2508 Wo-

750 2543 805 2578 von
823 2526 931 2592 bingen
953 2525 997 2577 dic
1014 2525 1158 2580 Infinitive
1180 2528 1286 2591 sactum

752 2611 822 2659 ecee,
836 2612 931 2646 oerum
944 2611 1001 2646 ease
1013 2593 1069 2646 ab?
1086 2611 1186 2646 wovon
1198 2594 1228 2645 id
1240 2595 1288 2658 fa·

750 2661 867 2714 tarum?

786 2736 889 2795 aestus,
901 2728 918 2779 i.
929 2745 952 2784 e.
965 2727 1109 2783 dubitatio.
1130 2725 1208 2794 Virg.
1217 2726 1286 2778 Aen.

753 2800 777 2859 8,
792 2800 837 2848 te:
856 2803 957 2848 cuncta
974 2797 1072 2848 uidens
1084 2813 1185 2862 maana
1203 2812 1286 2846 curo·
1345 2859 1347 2864 ἲ

752 2881 815 2915 rum
821 2867 948 2930 fluctuat
960 2871 1049 2918 aestu.

786 2931 892 2982 bomini
907 2931 1018 2982 minime
1034 2932 1118 2992 malo,
1137 2929 1162 2980 d.
1177 2928 1202 2980 h.
1217 2927 1288 2979 auch

754 3014 834 3049 wenn
847 2997 883 3048 du
897 3015 924 3049 es
943 2997 1020 3048 nicht
1032 2997 1132 3061 witam
1150 2995 1241 3048 wollin
1254 2995 1287 3050 C.

753 3065 801 3117 ibn
815 3065 886 3126 hillt,
900 3082 921 3118 a.
935 3069 951 3130 §
964 3070 996 3118 29
1010 3064 1067 3116 und
1078 3068 1120 3117 bb.

787 3135 906 3185 membra
916 3134 1048 3198 diuidere,
1063 3131 1245 3198 aergliedern,
1258 3131 1288 3182 in

754 3201 850 3266 digitis
865 3201 1047 3267 constituere,
1064 3199 1225 3264 autztllen,
1242 3197 1289 3250 des
1306 3247 1312 3260 ,

753 3266 918 3320 Hortensius
927 3268 1035 3320 Stbrlre.
1050 3267 1130 3318 Brut.
1140 3270 1156 3328 S
1165 3270 1227 3319 302:
1246 3273 1288 3316 at-

754 3336 913 3401 tuleratque
933 3335 1043 3386 minime
1063 3335 1181 3400 culpare
1201 3349 1290 3399 panus

755 3402 879 3467 dicendi,
910 3403 982 3453 duna
1006 3401 1116 3468 quidem
1145 3417 1189 3453 rea
1218 3417 1290 3464 quas

754 3486 832 3520 nemo
846 3469 934 3520 aliua:
951 3469 1130 3536 partitiones,
1142 3470 1243 3536 quibua
1255 3469 1289 3519 de

755 3538 836 3588 rebus
846 3537 974 3590 dicturus
983 3544 1061 3602 cnoel,
1072 3545 1099 3588 et
1107 3537 1288 3598 collectiones,

755 3621 855 3656 memor
867 3612 977 3672 atquae
991 3611 1081 3656 eesent
1098 3605 1173 3656 dicta
1191 3608 1289 3654 contra

755 3689 880 3738 quaeque
891 3675 950 3740 ipae
963 3673 1087 3724 dixisset.
1114 3670 1210 3733 Quint.
1224 3674 1251 3733 4,
1263 3671 1290 3734 5,

755 3743 802 3792 24=
820 3739 878 3792 Nec
890 3741 1024 3792 immerito
1044 3740 1161 3790 multum
1180 3755 1213 3788 en·
1225 3735 1290 3788 dili·

755 3804 1290 3874 pantiapartienditulitlaudisQ.Hor-

755 3874 877 3939 tensius,
907 3876 988 3926 cuiue
1011 3882 1103 3926 tamen
1127 3873 1291 3924 diuisionem

755 3943 785 3993 in
804 3941 906 4007 digitos
923 3941 1065 3992 diductam
1081 3956 1291 4007 nonnumquam

756 4009 850 4060 Cicero
861 4009 958 4059 leuiter
970 4008 1067 4059 eludit.

788 4075 959 4142 transigere,
980 4076 1122 4142 expedire,
1140 4076 1290 4138 absoluere,

755 4143 933 4222 synonyma,
962 4149 1035 4194 etwa
1059 4142 1197 4206 ‘abtbun,
1221 4139 1290 4192 erle-

754 4208 850 4278 drgeu,
865 4209 1040 4278 abientigen'.
