3016 4880
216 303 256 366 12
577 305 615 360 nr,
629 306 758 358 runnu
776 305 967 360 cromanius

214 474 392 537 voluntatem
416 475 492 554 apud
515 475 569 536 hos
591 494 710 554 gravem
733 493 798 538 esse
821 493 881 536 non
903 478 1058 556 oporteret
1103 477 1135 537 Si
1156 478 1185 539 id
1209 477 1331 540 audebis

213 560 328 630 dicere,
351 561 429 639 quod
453 561 484 621 C.
505 560 628 630 Verres,
658 562 705 621 cui
728 569 757 620 te
779 561 929 621 inimicum
953 577 1017 622 esse
1039 561 1175 631 simulas,
1203 565 1331 624 maxime

214 645 376 706 existimari
397 645 472 715 vult,
503 643 616 706 Siculos
638 644 696 705 hoc
718 663 734 705 a
757 663 804 704 me
827 663 887 706 uon
909 646 1033 722 petisse,
1061 648 1191 726 primum
1214 663 1332 708 causam

214 731 325 791 inimici
352 731 395 791 tui
428 728 608 798 sublevabis,
643 729 680 790 de
713 747 771 808 quo
805 746 864 789 non
896 730 1123 809 praeiudicium,
1157 731 1209 792 sed
1242 731 1331 811 plane

213 815 355 876 iudicium
376 815 434 875 iam
457 814 565 875 lactum
582 821 710 892 putatur,
734 813 814 893 quod
829 815 868 874 ita
884 813 1080 893 percrebruit,
1097 814 1212 877 Siculos
1228 833 1332 878 omnes

164 895 204 960 13
216 907 347 960 actorem
376 916 446 960 suae
474 915 578 959 causae
606 905 709 958 contra
735 897 815 960 illius
842 900 964 960 iniurias
991 901 1148 979 quaesisse.
1195 898 1244 962 13.
1267 901 1331 962 lloo

215 985 241 1042 si
262 991 303 1054 tu,
327 985 464 1044 iuimicus
486 984 558 1052 eius,
583 981 692 1042 lactum
709 982 840 1061 negabis,
863 984 940 1063 quod
956 985 1027 1061 ipse,
1052 987 1100 1045 oui
1114 988 1242 1046 maxime
1256 985 1331 1046 baec

214 1087 263 1128 res
291 1067 402 1137 obstat,
432 1083 541 1144 negare
570 1084 631 1126 non
659 1067 761 1136 audet,
796 1068 893 1129 videto
926 1085 965 1128 ue
995 1070 1118 1130 nimium
1147 1068 1333 1132 familiariter

214 1153 383 1212 inimicitias
404 1169 545 1212 exercere
568 1151 695 1213 videare.
740 1152 852 1214 Deinde
879 1160 947 1214 sunt
978 1161 1068 1216 testes
1096 1155 1150 1214 viri
1177 1151 1332 1215 clarissimi

215 1245 335 1298 nostrae
363 1236 501 1306 civitatis,
531 1253 605 1316 quos
633 1255 736 1298 omnes
765 1253 852 1299 ame
874 1239 1022 1300 nominari
1044 1256 1104 1300 non
1127 1244 1179 1300 est·
1193 1255 1330 1300 necesse:

145 1366 150 1376 .
215 1337 274 1389 eos,
298 1321 348 1398 qui
370 1319 485 1389 adsunt,
509 1319 679 1399 appellaho;
703 1339 787 1400 quos,
809 1324 834 1382 si
856 1325 1013 1392 mentirer,
1037 1329 1126 1384 testes
1149 1341 1213 1384 esse
1233 1326 1330 1404 impu-

214 1405 330 1464 dentiae
358 1423 441 1464 meae
470 1406 591 1466 minime
617 1404 732 1466 vellem.
777 1407 840 1467 Scit
866 1408 891 1466 is
918 1409 970 1486 qui
998 1414 1043 1467 est
1069 1409 1098 1467 in
1128 1407 1267 1476 consilio,
1298 1407 1329 1470 C.

213 1487 383 1556 Marcellum
407 1491 463 1549 soit
484 1490 508 1548 is
531 1507 617 1568 quem
641 1491 743 1551 adesse
765 1491 864 1560 video,
888 1491 939 1552 Cn.
963 1491 1105 1553 Lentulus
1125 1492 1330 1554 Marcellinus:

215 1589 340 1652 quorum
356 1573 414 1634 lide
430 1581 516 1653 atque
531 1575 680 1654 praesidio
695 1575 787 1636 Siculi
807 1577 934 1636 maxime
948 1578 1093 1646 nituntur,
1116 1576 1195 1656 quod
1211 1579 1331 1637 omuino

69 1721 71 1731 ,
163 1654 205 1718 14
215 1657 423 1719 Marcellorum
456 1661 569 1720 nomini
601 1667 662 1720 tota
691 1658 740 1720 illa
773 1662 922 1738 provincia
955 1660 1092 1722 adiuncta
1121 1671 1173 1720 est.
1218 1659 1266 1722 14.
1295 1661 1331 1722 lli
1359 1717 1364 1730 ,

213 1743 312 1804 solunt
337 1747 392 1804 hoo
420 1761 479 1804 non
507 1743 595 1804 rnodo
624 1763 640 1805 a
662 1763 710 1806 me
731 1747 854 1824 petitum
877 1762 956 1814 esse,
985 1745 1036 1806 sed
1063 1748 1103 1806 ita
1131 1763 1219 1824 saepe
1241 1753 1271 1806 et
1292 1747 1332 1806 ita

214 1827 404 1890 vehementer
433 1846 498 1889 esse
526 1831 665 1909 petitum,
694 1837 729 1898 ut
754 1838 805 1891 aut
825 1847 911 1890 causa
934 1830 1007 1891 mihi
1035 1830 1220 1910 suscipienda
1243 1831 1333 1890 luerit

214 1919 264 1972 aut
279 1911 416 1973 *cilicium
439 1914 665 1975 necessitudinis
686 1915 911 1993 repudiandum.
1007 1939 1011 1948 ’

299 1995 356 2056 Sed
379 1997 449 2075 quid
472 2014 527 2074 ego
549 1997 595 2058 his
618 1998 740 2059 testibus
763 2007 839 2070 utor,
864 1999 947 2075 quasi
968 2016 1018 2059 res
1034 1999 1121 2060 dubia
1137 2009 1188 2060 aut
1202 1997 1329 2060 obscura

215 2081 270 2141 sitl
307 2080 421 2141 Adsunt
442 2081 578 2142 homines
600 2101 636 2142 ex
659 2090 720 2144 tota
741 2086 893 2160 provincia
916 2081 1099 2153 nobilissimi,
1123 2085 1174 2163 qui
1189 2102 1331 2162 praesen·

215 2173 259 2224 tes
280 2181 332 2225 vos
355 2174 440 2226 orant
463 2173 551 2244 atque
574 2164 740 2236 obsecrant,
764 2167 885 2236 iudices,
908 2174 941 2228 ut
962 2169 993 2228 iu
1016 2176 1115 2228 actore
1138 2185 1244 2228 causae
1259 2185 1331 2228 suae

212 2249 371 2326 'deligendo
393 2258 525 2312 vestrum
547 2249 687 2311 iudicium
703 2251 740 2311 ab
756 2270 808 2312 suo
823 2252 985 2313 iudicione
1001 2252 1158 2331 discrepet.
1194 2251 1331 2313 Omnium

213 2336 360 2396 civitatum
389 2336 477 2396 totius
498 2333 614 2396 Siciliae
636 2335 798 2414 legationes
820 2337 927 2398 adsunt
948 2346 1068 2416 praeter
1097 2337 1170 2398 duas
1192 2338 1331 2406 civitates,

213 2437 338 2496 quarum
362 2419 487 2482 duarum
510 2421 536 2480 si
558 2420 701 2492 adessent,
725 2421 784 2482 duo
806 2424 930 2483 crimina
953 2421 999 2482 vel
1019 2423 1147 2483 maxima
1162 2423 1332 2484 minueren-

187 2663 190 2680 ·
213 2639 318 2686 treuste
329 2633 449 2688 Provinz
463 2635 511 2686 ruit
522 2634 746 2692 vielenWorten.
833 2654 910 2704 quem
929 2639 1024 2688 adesse
1042 2637 1135 2703 video,
1161 2637 1189 2687 in
1209 2636 1257 2690 der
1275 2654 1331 2690 urn-

212 2700 389 2754 Namentliclr
402 2707 432 2754 l'l
446 2702 543 2754 Stiidte
560 2703 672 2755 liibrten
685 2704 747 2755 olli·
797 2703 946 2755 stebenden
959 2721 1070 2769 corone,
1083 2721 1105 2756 a.
1121 2707 1137 2768 S
1152 2709 1180 2767 13
1195 2705 1244 2756 Gn.
1262 2705 1331 2756 berr-

215 2768 276 2820 oiell
298 2768 389 2822 diesen
407 2769 480 2822 Titel
504 2770 575 2822 nach
593 2771 671 2823 Diod.
690 2770 745 2826 Sic.
796 2773 876 2824 tulus
888 2772 1088 2838 Marcellinus,
1107 2771 1177 2824 auob
1196 2771 1240 2822 ein
1254 2771 1330 2824 Mar-

212 2843 240 2904 4,
251 2841 294 2890 83.
769 2872 777 2890 .
798 2838 897 2904 oellns,
918 2840 982 2891 aber
994 2839 1082 2893 durch
1096 2839 1234 2909 Adoption
1247 2839 1275 2891 in
1289 2839 1332 2891 die

246 2905 450 2973 praeiudicium
467 2905 584 2958 ‘dicitur
601 2925 657 2970 res,
675 2925 746 2973 quoe
797 2906 913 2959 Familia
931 2907 980 2959 der
992 2907 1113 2959 Cornelii
1125 2906 1239 2959 Lentuli
1251 2908 1331 2960 riber-

213 2989 298 3038 quum
310 2979 419 3025 statuto
430 2974 526 3038 fuerit,
540 2977 623 3039 affert
635 2975 744 3025 iudico·
797 2974 1241 3042 gegangen,dahorMorcellr'nue.
1253 2973 1332 3026 Auch

214 3040 287 3090 turia
305 3042 456 3106 exemplum
474 3043 547 3108 quod
570 3047 745 3121 requentnr’.
798 3060 829 3093 er
840 3041 910 3093 wird
924 3041 1066 3094 mehrmale
1082 3041 1122 3094 als
1136 3040 1257 3108 thitigor
1269 3042 1331 3094 Bei-

213 3104 305 3157 Sohol.
324 3105 387 3158 Also
397 3113 469 3158 etwa
482 3107 572 3160 ‘nicht
583 3125 628 3160 ern
637 3107 745 3160 vorldu-
797 3109 879 3161 stand
891 3108 939 3161 der
951 3108 1058 3161 Sionler
1068 3108 1203 3162 erwibnt

214 3172 296 3240 liges,
308 3173 425 3226 sondern
438 3173 521 3240 vdllig
534 3174 589 3226 und
600 3175 746 3228 buchstib-
826 3177 1025 3230 Marcellorum
1032 3177 1205 3242 nomini,eeit
1211 3176 1249 3228 Μ.
1255 3176 1331 3229 Mar-

213 3240 267 3293 liob
279 3242 323 3293 ein
332 3241 520 3294 Endurtheil'.
542 3241 584 3294 Za
597 3245 682 3311 plane
691 3243 745 3310 vgl.
798 3244 897 3308 celius,
910 3242 970 3295 dem
982 3243 1120 3298 Eroberer
1130 3262 1185 3297 von
1198 3246 1332 3311 syracus,

213 3313 230 3374 S
244 3315 284 3362 55.
797 3331 818 3365 s.
834 3311 908 3364 Eiul.
920 3317 936 3363 4
946 3312 1027 3364 bum.
1042 3317 1083 3364 16.

248 3378 355 3430 Siculos
372 3407 403 3416 -
421 3377 575 3445 quaesisse:
595 3378 744 3430 luwiefern
831 3385 847 3442 5
866 3384 906 3434 14.
931 3379 976 3432 bio
993 3381 1122 3444 testibus,
1146 3379 1219 3432 dieue
1237 3379 1278 3431 als
1296 3379 1330 3432 Ζ.

213 3444 299 3497 sclrou
321 3445 369 3497 der
386 3443 549 3498 Entscblusa
569 3446 618 3497 der
640 3446 745 3498 Siculer
796 3454 963 3514 praesenter,
977 3447 1140 3516 porsdnlicb.

212 3512 378 3632 gemeinsam
411 3513 471 3564 eine
502 3512 626 3580 Anklage
657 3529 745 3580 gagen
827 3523 940 3593 promer
963 3517 1037 3568 duaa
1057 3535 1078 3571 c.
1098 3517 1148 3569 ruit
1171 3531 1331 3582 ungenauer

237 3596 310 3632 erres
320 3596 355 3631 nu
365 3579 482 3632 erbebeu
493 3581 562 3632 auch
572 3580 666 3633 descen
676 3581 745 3634 Ver·
796 3581 890 3634 Kurze
898 3581 944 3634 fiir
973 3593 1065 3637 roetrr
1075 3586 1196 3637 duorum
1208 3603 1229 3635 o.
1241 3585 1331 3648 (leoc-

213 3646 746 3714 urtheilongverbdrgte,entnimmaus
796 3650 909 3716 tiones).
952 3602 1010 3702 {ur
1032 3653 1120 3704 Sache
1142 3649 1195 3718 vgl.
1219 3650 1296 3703 Einl.
1315 3655 1332 3701 4

213 3716 448 3770 Eintnnnmna.
474 3714 747 3768 Dochistvielleioht
798 3718 879 3769 Anrn.
893 3722 932 3770 14.
1031 3745 1035 3752 ·

213 3802 254 3836 me
266 3783 443 3851 enageiallen.
831 3787 873 3837 vel
881 3786 1011 3847 maximo,
1026 3801 1105 3837 avenn
1116 3802 1178 3836 man
1187 3783 1254 3850 will,
1264 3785 1331 3838 viel-

247 3855 308 3916 §13.
327 3855 357 3904 in
367 3851 482 3904 oonsilio
492 3851 624 3915 iudicum,
637 3869 657 3903 s.
667 3849 741 3904 Einl.
797 3853 880 3904 leiobt
889 3852 931 3903 die
939 3851 1121 3918 wicntigsten
1129 3851 1329 3920 sReisigVorl.

213 3925 244 3981 33
260 3921 288 3971 C.
303 3921 465 3978 Marcellus,
479 3918 526 3972 der
538 3919 574 3970 im
587 3918 613 3970 J.
629 3923 660 3972 te
674 3920 743 3970 nach
797 3938 823 3989 p.
836 3925 894 3972 443.
925 3919 975 3971 Die
988 3919 1136 3971 Gemeinde
1152 3920 1201 3972 der
1212 3920 1330 3972 Mamer·

213 3986 388 4039 derPraetur
404 3987 516 4040 Sicilien
534 3987 584 4038 mit
600 3986 658 4038 dem
670 3986 744 4039 Titel
796 3987 869 4039 tiner
886 3987 914 4036 in
933 3987 1061 4040 Messana
1078 3988 1155 4040 hatte
1179 3997 1260 4040 unter
1280 4004 1329 4039 an-

213 4053 286 4106 einee
303 4055 471 4108 Proconsuls
492 4053 637 4108 verwaltet
659 4055 743 4110 hatte.
796 4053 1329 4121 derendemVerreseinhartsoniffge·
1379 4069 1382 4076 ·

213 4122 253 4174 Er
270 4121 339 4175 wird
356 4122 427 4174 auolr
444 4130 526 4176 anter
543 4121 594 4173 den
611 4121 744 4176 Richtern
795 4123 876 4188 bant,
895 4138 939 4173 um
955 4123 1048 4176 seiuen
1065 4123 1144 4176 Raub
1161 4122 1240 4176 dorin
1259 4121 1329 4175 nach

213 4191 259 4244 des
272 4190 369 4242 Verres
382 4190 465 4242 ditem
484 4198 608 4258 genennt
625 4190 681 4242 und
697 4207 744 4258 ge·
795 4189 889 4242 Hause
908 4206 942 4241 zu
964 4190 1076 4256 fabren,
1100 4191 1154 4243 und
1176 4189 1258 4242 dabir
1275 4191 1330 4243 Er-

213 4259 320 4324 riilimt3
333 4257 388 4326 vgl.
401 4257 476 4310 Einl.
489 4265 504 4312 3
518 4260 597 4310 Auru.
610 4263 634 4312 8.
796 4257 848 4310 lass
865 4257 914 4310 der
929 4259 1089 4327 schuldigen
1106 4258 1276 4326 Leistungen
1292 4275 1328 4310 an
