3004 4890
214 257 256 322 35
575 251 754 308 unaucurt
774 250 969 304 ercunorus

216 428 376 497 tissimum,
405 431 559 505 susceptae
588 421 624 484 ab
653 439 704 493 eo,
735 423 786 502 qui
812 421 965 484 videbatur
988 441 1093 484 corum
1120 422 1254 485 fortunas
1275 425 1334 487 fide

166 510 208 576 68
218 511 427 591 diligentiaque
448 527 500 570 sua
515 525 602 590 posse
618 507 787 569 defendere.
825 503 876 570 68.
893 507 955 568 Hoc
977 508 1080 570 timent
1103 505 1252 580 homines,
1275 511 1333 570 hoc

216 595 366 667 laborant,
393 595 451 655 hoc
472 593 586 656 institui
607 601 696 674 atque
718 592 792 653 adeo
813 592 979 653 institutum
1002 592 1110 654 reierri
1139 611 1174 654 ac
1195 598 1334 657 renovari

215 679 339 742 moleste
369 679 484 747 ierunt;
515 685 620 758 putant
647 675 712 737 iore
739 684 786 746 ut,
818 677 844 738 si
870 676 1021 756 paullatim
1050 677 1123 739 haec
1151 680 1333 740 cousuetudo

216 782 338 845 serpere
361 781 394 826 ac
416 763 536 842 prodire
552 761 700 841 coeperit,
723 779 778 842 per
793 761 930 824 homines
950 761 1173 823 honestissimos
1194 765 1334 842 auosque

217 850 408 919 fortissimus,
432 866 492 909 nou
514 848 666 927 imperitos
681 845 916 908 adolescentulos
938 854 988 908 aut
1008 845 1183 908 illiusmodi
1203 849 1333 927 quadru-

165 931 344 1015 69platores
358 932 439 1010 leges
461 932 626 1012 iudiciaque
646 931 898 992 administrentur.
936 928 987 992 69.
1004 931 1094 992 Cuius
1114 933 1334 995 consuetudinis

216 1027 304 1099 atque
318 1019 445 1080 instituti
460 1023 559 1096 patres
574 1016 757 1096 maioresque
770 1021 888 1076 nostros
904 1032 964 1077 non
975 1015 1146 1096 poenitebat
1155 1024 1227 1086 tum,
1244 1036 1333 1097 quum

215 1101 247 1166 P.
265 1101 422 1173 Lentulus,
446 1099 471 1163 is
493 1103 545 1179 qui
566 1101 708 1179 princeps
728 1107 847 1162 senatus
862 1100 930 1170 luit,
955 1099 1112 1162 accusabat
1126 1101 1173 1162 Μ’.
1186 1101 1333 1180 Aquilium

215 1187 418 1268 subscriptore
441 1184 713 1254 cucurutium,
736 1191 786 1244 aut
809 1201 898 1263 quum
921 1184 952 1246 P.
970 1185 1140 1255 Africanus
1164 1185 1253 1247 horno
1275 1189 1334 1246 vir·

215 1279 291 1340 tute,
316 1273 449 1342 fortuna,
473 1270 580 1348 gloria,
604 1267 694 1330 rebus
716 1270 807 1345 gestis
821 1268 1037 1348 amplissimus,
1060 1275 1162 1348 postea
1184 1289 1272 1349 quarn
1289 1271 1334 1332 bis

216 1356 320 1420 consul
335 1365 365 1418 et
379 1373 486 1416 censor
502 1353 611 1423 luerat,
635 1353 668 1415 L.
686 1351 799 1414 Cottam
815 1353 846 1412 in
867 1353 1007 1415 iudicium
1022 1352 1153 1414 vocabat.
1189 1354 1256 1416 lure
1271 1362 1334 1416 tum

215 1441 341 1503 florebat
368 1438 470 1519 pupuli
496 1438 622 1499 Romani
650 1455 776 1507 nomen,
812 1438 878 1499 iure
908 1438 1067 1500 auctoritas
1099 1437 1188 1500 huius
1214 1441 1333 1520 imperii

216 1527 399 1605 civitatisque
411 1526 547 1586 maiestas
558 1525 656 1601 gravis
668 1521 842 1583 habebatur.
870 1521 964 1584 Nemo
977 1521 1143 1584 mirabatur
1152 1525 1184 1584 iu
1195 1523 1334 1586 Africano

214 1609 281 1679 illo,
310 1609 388 1690 quod
417 1611 448 1670 in
479 1625 528 1669 me
548 1625 642 1678 nunc,
677 1607 797 1668 homine
825 1610 923 1685 parvis
951 1607 1056 1686 opibus
1084 1625 1118 1669 ac
1147 1606 1334 1670 facultatibus

166 1693 208 1758 70
215 1694 366 1773 praedito,
390 1693 530 1755 simulant
552 1709 617 1752 sese
636 1693 753 1760 mirari,
777 1710 868 1772 quum
884 1691 1008 1752 moleste
1031 1692 1140 1752 lerunt.
1179 1691 1229 1755 70.
1245 1693 1334 1765 ‘Quid

217 1779 274 1841 sibi
295 1779 351 1840 iste
372 1777 450 1839 uultl
473 1786 716 1840 accusatoremne
738 1793 770 1837 se
793 1777 969 1846 existimari,
993 1779 1043 1856 qui
1066 1785 1152 1840 antea
1174 1777 1334 1840 defendere

216 1869 425 1934 consueverat,
450 1879 528 1923 nunc
550 1863 743 1943 praesertim,
767 1878 799 1922 ea
823 1863 881 1922 iam
904 1867 1013 1932 aetate,
1044 1878 1135 1941 quum
1157 1861 1334 1924 aedilitatem

216 2046 605 2113 §68‚diliqeutieeimum§ld.
625 2043 750 2098 Priscian
802 2043 862 2096 dim
886 2044 924 2096 ite
949 2043 1005 2096 und
1030 2061 1080 2097 uus
1108 2045 1167 2098 dem
1189 2045 1335 2112 Pergame-

214 2111 367 2180 vergleieht
389 2107 546 2192 desultoriae
564 2106 752 2166 ἅδυνατῶτα-
803 2063 915 2164 nischen
935 2110 1021 2164 Reieh
1045 2111 1088 2163 die
1108 2112 1228 2164 Provina
1250 2113 1334 2166 Asien

215 2199 263 2243 τος
274 2181 320 2234 fur
332 2181 542 2242 devoraturos.

248 2246 751 2310 uidebatur,aurZeitderVorfahren.

250 2317 274 2382 ς
278 2321 320 2370 68.
339 2324 423 2384 atque
435 2318 517 2382 adeo,
535 2315 605 2368 ‘und
619 2314 689 2366 noch
701 2314 750 2367 da-

802 2178 974 2234 einrichtete.
993 2179 1142 2232 Mommsen
1155 2180 1190 2234 R.
1204 2181 1240 2234 G.
1254 2185 1280 2246 2,
1292 2186 1334 2234 52.

801 2247 882 2300 Nach
893 2246 953 2300 dem
965 2246 1137 2302 Scholiasteu
1152 2247 1246 2300 warde
1260 2266 1290 2301 er
1302 2252 1336 2304 de

802 2317 965 2383 repetundis
977 2315 1137 2383 aageklegt.

216 2401 266 2448 zu,
289 2383 346 2436 und
367 2391 471 2452 sogam,
495 2383 584 2436 erhilt
600 2383 686 2436 cistere
702 2383 751 2434 be·

215 2450 408 2532 riehtigeuden
417 2451 497 2518 Sina,
511 2450 751 2517 ‘odervielmehr’‚

216 2536 240 2571 a.
254 2519 286 2571 Β.
302 2535 332 2570 ιιι
350 2520 411 2572 eat.
431 2521 444 2570 1
463 2523 479 2584 S
496 2523 527 2572 9:
549 2519 597 2586 qui
614 2521 648 2570 de
664 2519 750 2572 huius

218 2587 296 2638 urhis
309 2593 392 2654 utque
404 2588 473 2638 adeo
483 2589 517 2638 de
526 2587 600 2638 erbis
610 2594 751 2638 terrarum

214 2653 299 2708 exilio
311 2654 444 2720 copitaut.

248 2722 425 2784 institutum,
449 2721 546 2774 ‘sehon
570 2719 750 2788 eingeiirhrt’‚

215 2807 236 2843 s.
250 2788 424 2856 Nigelsbaeh
436 2787 470 2843 L.
482 2789 546 2842 scit.
559 2805 586 2857 p.
597 2793 657 2842 230.

249 2858 481 2923 adulescentulos,
504 2858 749 2924 quadruplatores,

215 2943 238 2981 s.
252 2928 268 2989 s
280 2929 323 2980 24.

249 2995 325 3056 569.
353 2993 383 3044 P.
404 2991 555 3056 beatulus,
580 2990 628 3044 der
650 2992 750 3044 Gross-

216 3065 293 3112 auter
305 3059 351 3110 des
363 3057 392 3110 in
405 3057 448 3111 die
460 3058 672 3111 Catilinarische
682 3058 750 3110 Ver·

215 3126 382 3192 schwdruug
404 3124 597 3176 verwiclrelten
619 3125 750 3179 Praetura

215 3195 248 3252 P.
260 3191 404 3246 Cornelius
413 3191 547 3244 Lentulus
557 3193 638 3258 Sura,
650 3191 699 3244 der
711 3193 750 3246 uls

216 3259 530 3330 prinecpseenatuedem
537 3259 751 3330 ConsulL.0pi·

216 3328 518 3397 miusltlaumKampf
559 3329 752 3394 genC.Grac·

218 3396 284 3448 chus
301 3396 389 3463 iolgte
410 3396 469 3448 und
489 3344 574 3449 selhh
594 3396 674 3449 debei
689 3413 750 3448 ver-

216 3462 330 3516 wundet
339 3463 448 3529 warde,
461 3462 490 3514 in
500 3463 562 3520 Cet.
571 3467 613 3529 4§
625 3469 666 3529 13,
678 3463 750 3516 Phil.

216 3535 233 3583 8
242 3534 258 3596 §
269 3535 312 3596 14,
324 3528 373 3581 der
384 3547 397 3581 s
417 3530 477 3582 tter
487 3529 597 3584 desholb
607 3530 751 3597 ungefein·

217 3598 263 3650 det
270 3597 338 3649 Rom
347 3547 456 3649 verhess
465 3596 522 3649 und
530 3597 567 3650 im
577 3596 750 3664 freiwilligen

216 3664 281 3718 Exil
292 3665 322 3716 in
334 3662 449 3718 Sicilieu
460 3665 546 3717 sturb.
564 3663 626 3720 Vel.
639 3664 711 3716 Max.
725 3669 751 3731 ὅ,

217 3739 243 3799 3,
255 3737 281 3786 2.

252 3801 381 3868 princepe
390 3805 515 3864 senatus,
528 3797 573 3850 eia
582 3797 750 3852 Ehreutitel.

217 3869 255 3920 So
273 3867 343 3920 hiess
360 3867 408 3919 der
423 3866 467 3919 bei
488 3866 536 3922 der
552 3867 679 3920 recitatio
695 3884 750 3919 von

217 3933 270 3986 den
282 3934 421 3988 Censoren
439 3939 533 3988 suerat
548 3941 688 4002 genennte
701 3935 751 3988 Se·

218 4007 315 4082 nutpr,
326 4002 454 4055 meistens
466 4003 514 4054 der
526 4002 622 4056 iilteste
635 4005 679 4056 eir
688 4021 750 4056 cen-

219 4085 322 4122 sersus.

170 4179 171 4182 ,
251 4137 302 4191 Μ’.
323 4136 480 4204 Aquilium,
507 4137 555 4191 der
583 4137 622 4191 als
645 4138 749 4192 Consul

130 4277 131 4282 ἵ
221 4209 267 4258 129
284 4204 336 4260 den
355 4203 491 4258 Ausetani
512 4205 559 4258 des
576 4205 749 4262 Aristonikos

837 2383 1335 2450 G.RutilioRufu‚sonstunbekannt.

836 2451 868 2504 P.
885 2452 1054 2518 Africanus,
1075 2450 1124 2504 der
1136 2452 1269 2520 jiingere3
1294 2454 1336 2504 bia

802 2521 913 2585 consul,
930 2519 966 2572 im
983 2518 1071 2586 Krieg
1086 2535 1174 2588 gegen
1191 2517 1342 2587 Karthago

803 2591 861 2653 147,
873 2602 962 2655 gegen
973 2587 1138 2652 Numantia,
1151 2591 1215 2650 134;
1229 2604 1336 2653 censor,

802 2658 864 2719 1423
877 2656 984 2721 fuerat,
996 2653 1059 2708 weil
1071 2653 1186 2707 niehtin
1196 2654 1336 2706 uumittel-

800 2721 881 2774 berar
893 2721 990 2790 Fulge.

837 2791 868 2844 h.
882 2789 1003 2854 Guttam,
1021 2789 1096 2843 wohl
1105 2791 1185 2858 jener
1197 2789 1231 2844 L.
1245 2788 1335 2841 Aure-

802 2856 954 2922 liusOottsu
963 2857 1012 2909 der
1020 2857 1106 2910 sehon
1115 2857 1145 2910 in
1154 2856 1337 2911 seiuemcon-

801 2922 876 2976 sulec
899 2928 948 2976 144
975 2924 1025 2976 mit
1048 2925 1143 2993 Scipio
1167 2922 1335 2979 Aemilianus

802 2990 930 3057 hederte‚
943 2989 1003 3042 Val.
1017 2990 1093 3044 Max.
1106 2996 1132 3056 6,
1145 2995 1172 3056 4,
1184 2997 1209 3045 2.
1236 2994 1269 3045 Iu
1281 2992 1335 3045 sei-

802 3075 862 3110 nem
872 3058 986 3110 Process
1000 3058 1094 3110 warde
1105 3075 1135 3110 er
1148 3059 1218 3112 nach
1230 3059 1336 3112 sieben·

801 3124 915 3192 maliger
926 3123 1089 3194 Vertugung
1101 3126 1211 3179 endlieh
1223 3127 1259 3180 im
1271 3128 1336 3179 ach-

802 3199 849 3246 ten
865 3191 979 3246 Termin
999 3199 1072 3246 truta
1094 3193 1143 3246 der
1159 3194 1335 3261 gravierend-

801 3269 862 3313 sten
886 3259 1082 3330 Klagepuulrte
1106 3261 1335 3331 freigesprochen.

802 3328 862 3380 Vel.
872 3328 944 3381 Mox.
956 3333 982 3394 8,
992 3333 1016 3396 1,
1029 3333 1069 3384 11.
1091 3329 1170 3381 Nuch
1185 3329 1294 3398 Appian
1306 3331 1333 3384 b.

802 3395 882 3448 civ.1
901 3412 924 3451 c.
937 3400 969 3448 22
986 3413 1081 3449 waren
1097 3397 1141 3449 die
1156 3396 1271 3450 Richter
1288 3398 1336 3449 be-

801 3462 930 3528 stochen,
946 3462 1000 3515 wie
1018 3465 1088 3517 euch
1103 3464 1133 3517 in
1150 3463 1209 3517 dem
1220 3465 1336 3518 Process

801 3529 846 3582 des
875 3529 987 3583 Meuius
1016 3531 1157 3600 Aquilius,
1190 3532 1246 3584 und
1278 3533 1336 3586 dies

801 3596 895 3649 wurde
907 3597 966 3650 dem
977 3598 1009 3654 C.
1021 3595 1275 3654 Gracchuefhnlass
1287 3617 1338 3653 aur

801 3663 1103 3734 Eiubringung'seiner
1113 3669 1158 3720 lea
1174 3669 1338 3724 iudiciaria.

835 3736 947 3801 ferunt,
963 3735 1053 3787 besser
1063 3734 1224 3801 beglaubigt
1241 3735 1280 3788 als
1295 3739 1338 3802 fe·

802 3809 884 3868 rant,
900 3805 986 3870 ‘quad
998 3819 1054 3855 uon
1067 3819 1136 3854 saue
1152 3804 1271 3868 falsum,
1289 3806 1338 3856 sed

801 3887 904 3937 purum
916 3871 1021 3923 salsum
1033 3869 1159 3924 dixerie'.
1179 3868 1292 3940 Zumpt.

837 3939 908 4002 570.
932 3953 965 3988 ea
981 3935 1039 3988 iam
1056 3943 1161 4017 aetate,
1177 3955 1199 3990 s.
1218 3937 1292 3992 Einl.
1305 3943 1336 4019 ᾇ,

802 4003 1216 4142 ἓὲἕΐ..ῖ.ιξὶ’ἕῖ1.ῗῒ.ῗῗ“
1230 4022 1336 4142 ilgsll

802 4155 890 4206 neque
907 4139 991 4206 euim,
1014 4141 1039 4194 ei
1051 4141 1102 4194 tibi
1119 4149 1178 4195 tum
1189 4159 1336 4209 quum-pe-

801 4213 873 4262 teres
901 4209 1093 4276 consulatum,
1121 4211 1218 4276 adsui,
1249 4227 1335 4276 uuna,
