3004 4890
238 299 278 362 10
595 298 986 353 m.ruenircrcncon1s

236 471 415 550 pissimaque
442 487 609 540 nossemus,
646 487 693 529 me
722 478 827 548 agente
855 470 885 532 io
914 471 1054 536 iudicium
1082 478 1253 532 vocaretur:
1283 473 1350 548 quis

236 554 355 616 tandem
372 562 450 616 esset
464 556 515 633 qui
531 574 628 616 meum
645 555 755 616 lactum
767 563 817 614 aut
829 553 981 616 consilium
995 563 1095 634 posset
1111 555 1350 634 reprehendere?

205 638 284 700 1111.
302 637 330 699 ⁹1.
355 638 429 709 Quid
453 647 510 708 est,
540 657 595 719 pro
623 639 711 699 deum
726 637 938 720 hominumque
959 639 1060 700 fidem!
1087 641 1200 716 inquo
1229 639 1284 718 ego
1306 641 1351 700 rei

235 721 371 802 publicae
393 723 460 803 plus
481 724 538 784 hoc
559 731 693 803 tempore
715 723 858 802 prodesse
879 724 1007 804 possim?
1035 724 1110 795 Quid
1133 724 1277 802 estquod
1300 730 1351 785 aut

235 805 344 887 populo
360 807 492 870 Romano
509 811 700 886 gratiusesse
715 807 821 869 debeat
835 818 886 872 aut
900 809 987 872 sociis
1004 811 1170 888 exterisque
1183 809 1350 870 nationibus

235 893 361 971 optatius
383 910 447 953 esse
462 894 555 973 possit
577 902 627 953 aut
649 893 735 952 saluti
757 892 942 975 fortunisque
966 895 1097 954 omnium
1118 894 1211 970 magis
1233 911 1350 954 accom-

235 977 383 1037 modatum
413 978 467 1038 siti
500 976 673 1057 Populatae‚
703 986 836 1050 vexatae,
869 978 999 1040 funditus
1028 995 1147 1039 eversae
1169 979 1349 1058 provinciae,

237 1061 308 1122 socii
330 1061 570 1141 stipendiariique
592 1060 695 1143 populi
709 1061 836 1125 Romani
856 1063 975 1134 adflicti,
998 1065 1100 1124 miseri
1121 1063 1180 1122 ism
1195 1080 1255 1122 non
1270 1061 1350 1123 salu·

204 1143 275 1207 8tis
297 1163 393 1224 spem,
422 1146 474 1207 sed
497 1147 577 1207 exitii
599 1147 740 1208 solacium
763 1156 919 1224 quaerunt.
963 1144 993 1208 8.
1017 1146 1072 1217 Qui
1098 1146 1207 1208 iudicia
1228 1164 1350 1207 manere

237 1229 314 1310 apud
332 1230 465 1292 ordinem
481 1233 661 1293 senatorium
677 1231 786 1302 volunt,
803 1240 968 1312 queruntur
983 1240 1169 1293 accusatores
1184 1249 1216 1293 se
1227 1230 1350 1292 idoneos

236 1332 297 1375 non
332 1314 457 1385 habere;
502 1318 554 1396 qui
590 1333 730 1377 accusare
766 1324 902 1395 possunt,
945 1315 1122 1377 iudiciorum
1163 1317 1349 1377 severitatem

236 1398 412 1460 desiderant.
442 1399 573 1480 Populus
587 1401 738 1462 Romanus
760 1403 885 1470 interea,
908 1401 1024 1462 tametsi
1039 1402 1141 1463 multis
1155 1400 1350 1462 incommodis

234 1482 513 1564 difficultatibusque
542 1485 673 1546 adlectus
701 1492 759 1555 est,
789 1492 887 1546 tamen
911 1485 982 1544 nibil
1004 1503 1097 1563 aeque
1119 1487 1149 1545 in
1176 1483 1350 1564 republica

234 1576 322 1647 atque
356 1567 435 1630 illam
469 1577 598 1631 veterem
638 1570 812 1631 iudiciorum
852 1572 910 1630 vim
947 1571 1177 1648 gravitatemque
1214 1569 1350 1649 requirit.

234 1652 414 1714 iudiciorum
430 1653 578 1716 desiderio
592 1654 748 1715 tribunicia
763 1662 894 1734 potestas
910 1654 1067 1732 elllagitata
1091 1661 1148 1722 est;
1171 1653 1348 1714 iudiciorum

234 1735 351 1797 levitate
374 1738 447 1798 ordo
470 1758 587 1819 quoque
608 1740 683 1800 alius
705 1739 740 1800 ad
763 1757 813 1800 res
833 1737 1004 1801 iudicandas
1018 1737 1196 1818 postulatum
1218 1737 1350 1799 iudicum

236 1820 321 1900 culpa
351 1829 439 1902 atque
467 1824 613 1885 dedecore
642 1825 729 1884 etiam
757 1826 926 1885 censorium
955 1841 1077 1894 nomen,
1111 1823 1189 1901 quod
1217 1823 1350 1902 asperius

235 1915 321 1968 antea
343 1906 452 1986 populo
475 1908 568 1969 videri
589 1907 717 1979 solebat,
739 1909 769 1970 id
793 1927 872 1970 nunc
895 1911 1041 1987 poscitur,
1069 1908 1099 1968 id
1127 1910 1184 1968 iam
1207 1905 1351 1986 populare

203 1989 265 2052 9et
285 1989 440 2069 plausibile
462 1992 572 2054 lactum
595 2003 648 2054 est.
692 1990 720 2053 9.
744 1992 777 2052 ln
800 1992 855 2053 hac
876 1992 998 2053 libidine
1020 1993 1173 2053 hominum
1201 1992 1348 2051 nocentis·

234 2157 319 2208 libido
331 2157 415 2208 istius
426 2158 456 2208 in
466 2158 528 2210 iure
537 2158 657 2211 dicundo
668 2160 766 2225 fuerit,
850 2161 867 2223 S
879 2162 903 2212 8.
922 2157 1039 2223 iudicio,
1051 2155 1099 2208 dus
1110 2156 1290 2208 Richteramt.
1311 2159 1350 2210 So

235 2241 307 2291 quae
331 2225 455 2278 varietas
483 2228 666 2292 decretorum,
694 2244 766 2294 quoe
817 2225 892 2278 steht
903 2225 985 2278 cistere
997 2223 1045 2276 der
1056 2223 1153 2276 Plural
1164 2241 1218 2276 von
1231 2224 1352 2277 Concre-

234 2293 415 2344 nuodimctio.
816 2301 865 2347 ten
880 2293 927 2345 for
938 2293 982 2346 eiu
996 2292 1184 2359 Abstractum,
1200 2311 1221 2344 s.
1234 2291 1351 2359 Nigels-

268 2367 432 2426 meopente,
449 2359 466 2412 i.
479 2378 503 2414 e.
517 2367 679 2426 accusante,
697 2364 765 2424 §32
816 2362 886 2414 bach
898 2361 931 2414 L.
945 2360 1008 2414 soil.
1023 2362 1038 2425 S
1053 2365 1093 2412 12.

267 2427 319 2482 ΙΙΙ,
329 2427 432 2494 Vgl.zu
442 2427 540 2481 diesem
547 2428 765 2499 capitellrinls.
852 2437 1027 2482 accusatores
1039 2431 1152 2480 idoneos
1166 2445 1223 2502 mom
1235 2428 1350 2478 babere:

268 2498 284 2557 S
298 2499 321 2547 7.
340 2497 443 2562 populo
459 2497 494 2550 R.
506 2500 625 2562 oratius.
643 2499 766 2565 Warum,
817 2513 936 2563 warum,
950 2495 1023 2562 ceigt
1034 2500 1051 2558 S
1064 2500 1097 2547 24
1110 2495 1165 2547 und
1176 2498 1192 2558 §
1205 2498 1246 2546 68.

136 2607 137 2612 ,
234 2560 310 2628 zeigt
322 2561 767 2632 Acc.3§121:queemoeroper-
851 2565 946 2616 multis
970 2563 1162 2628 incommodis,
1191 2561 1235 2612 bei
1257 2561 1350 2614 Sullas

235 2631 302 2680 ditis
310 2631 522 2711 profligatisque
531 2633 765 2696 sociisoectipolio
816 2629 1012 2684 Restsurstion
1025 2628 1253 2698 derOIigarcbie.

233 2715 261 2764 p.
279 2697 314 2748 R.
333 2697 391 2749 sint
407 2699 565 2764 demeantes,
583 2716 627 2751 res
642 2701 766 2765 frumen·
850 2700 928 2752 illum
945 2705 1060 2750 ueterem
1076 2699 1143 2762 cim,
1162 2696 1187 2748 d.
1200 2697 1226 2748 h.
1242 2696 1286 2747 die
1298 2704 1352 2748 ‘se-

234 2765 327 2831 tcrio,
351 2773 529 2832 commentos,
553 2767 663 2835 copiae,
687 2769 765 2820 solos
816 2765 1347 2832 veroiudicioequitumilomomorum!

234 2833 313 2885 urbis
326 2835 591 2900 olqueeoeercitoum
606 2842 782 2889 nostrorum.
850 2835 1025 2887 Judieiorum
1048 2833 1200 2899 desiderio,
1228 2832 1282 2898 vgl.
1306 2831 1350 2883 die

234 2901 265 2951 iu
278 2901 467 2967 posteritatem
482 2902 566 2954 istius
579 2904 704 2956 avaritia
720 2905 765 2956 in·
816 2903 913 2955 Worte
925 2902 970 2954 des
984 2899 1099 2954 Catulus
1112 2899 1188 2954 Einl.
1201 2905 1226 2952 6.

234 2969 356 3035 desierit,
374 2971 471 3020 saltem
482 2987 509 3037 p.
525 2970 559 3024 la.
572 2973 711 3024 commodo
724 2988 768 3023 re·
852 2971 1012 3038 efflagitata
1024 2976 1077 3034 est,
1095 2967 1159 3018 aber
1170 2966 1291 3018 bernach
1303 2983 1352 3033 po-

234 3036 340 3102 spicite.
819 3038 957 3100 stolatus,
980 3036 1114 3104 poscitur.
1150 3033 1206 3085 Der
1225 3033 1351 3087 Wechsel

269 3103 351 3152 sociis
367 3104 521 3170 exterisque
536 3105 708 3156 motionibus.
734 3105 767 3156 ln
819 3104 863 3156 des
880 3104 1000 3172 Tempus
1017 3100 1094 3154 dieut
1110 3117 1162 3153 zur
1178 3100 1351 3154 Zeitbestim-

235 3169 321 3221 dieser
334 3168 514 3237 Verbindung
524 3169 595 3222 wind
609 3170 657 3222 dos
670 3171 767 3223 ais‘eite
818 3187 902 3240 mung
913 3171 958 3222 for
967 3170 1010 3222 die
1019 3168 1077 3221 hier
1086 3169 1243 3231 erwibnten
1254 3168 1353 3222 Refor-

235 3237 345 3290 weitere
362 3237 443 3290 Glied
458 3237 545 3291 durch
560 3237 768 3306 Ausscheidung
818 3256 894 3302 men,
908 3238 962 3305 vgl.
975 3236 1049 3290 lliul.
1063 3241 1078 3289 6
1092 3239 1171 3290 Anm.
1185 3241 1226 3290 26.

235 3305 281 3358 des
294 3313 384 3358 ersten
398 3307 480 3372 (socii
491 3327 525 3351 =
536 3307 662 3359 civitates
673 3309 766 3374 foede·
852 3308 919 3359 ordo
932 3322 1039 3374 quoque
1051 3307 1133 3371 elios,
1147 3305 1165 3358 i.
1177 3323 1200 3358 e.
1211 3311 1349 3373 equestrem

234 3373 767 3438 rotae)eufdieunterworienensteuer·
819 3372 1352 3439 cdresiudicandoristdereigentlicbe

234 3439 398 3559 pflicbtigen
415 3441 641 3495 Vilkerschsften
665 3442 693 3494 in
714 3442 767 3494 den
820 3441 964 3494 Ausdruclr
983 3458 1038 3493 von
1061 3440 1110 3493 der
1130 3440 1283 3506 Ausiibung
1306 3439 1351 3492 des

259 3507 767 3562 rovinzendesriimischeuReiohsbe-
818 3509 1014 3571 Richternmts,
1039 3508 1170 3562 wibreud
1193 3511 1239 3561 ius
1263 3509 1352 3560 dicere

235 3575 381 3638 schrinkt3
394 3574 479 3628 daher
490 3575 562 3643 folgt
573 3577 602 3628 in
615 3576 766 3630 demselbeu
819 3577 878 3628 dem
884 3576 1033 3644 Megistrst
1042 3579 1186 3630 zukommt.
1199 3575 1262 3642 Vgl.
1270 3576 1351 3629 Aeta

235 3644 306 3696 Sino
319 3645 387 3696 socii
398 3645 637 3712 stipendiariique.
657 3646 687 3697 S.
698 3644 767 3697 such
819 3649 835 3709 ς
852 3649 900 3696 49:
925 3647 969 3698 liic
990 3647 1015 3698 si
1038 3647 1106 3712 quid
1133 3647 1185 3696 erit
1207 3647 1351 3709 offensum,

235 3715 305 3776 366.
821 3729 912 3764 omnes
925 3714 1048 3765 homines
1065 3730 1122 3764 noc
1139 3715 1195 3763 iam
1212 3729 1244 3762 eac
1261 3713 1352 3763 eodem

270 3779 392 3846 adflicti,
413 3779 520 3844 miseri,
542 3779 585 3830 ein
607 3779 769 3846 Asyndeton
821 3781 919 3833 ordine
932 3783 1004 3832 elios
1015 3782 1103 3846 moqis
1119 3781 1231 3830 idoneos
1244 3817 1250 3829 .
1264 3819 1271 3833 .
1285 3818 1291 3829 .
1304 3780 1352 3830 sed

235 3847 335 3899 aweier
355 3848 518 3914 synonyma
540 3847 569 3898 in
593 3847 699 3900 lebbaft
720 3849 769 3900 be·
820 3850 908 3901 olium
921 3849 1031 3901 coccino
1042 3848 1165 3899 ordinem
1175 3848 1212 3898 od
1222 3864 1265 3898 res
1277 3847 1353 3898 iodi-

237 3922 340 3980 wegter
349 3913 436 3979 Rede;
450 3914 566 3981 egl.§11
577 3917 692 3983 adsunt,
702 3934 769 3983 que·
820 3917 1121 3982 condasqcoereodum
1127 3915 1353 3968 arbitrabuntur.

235 3990 349 4046 ructor,
360 3990 375 4045 5
382 3987 413 4035 46
424 3985 617 4038 commisereri.
628 3986 767 4051 conqueri.
854 3984 983 4050 asperius
993 3991 1090 4048 autea,
1099 3982 1225 4034 warum?
1241 3983 1271 4033 id
1280 3979 1352 4034 nach

269 4065 325 4100 con
339 4052 440 4102 solutis
458 4069 541 4118 spem,
558 4051 620 4103 weil
632 4051 715 4118 vdllig
733 4069 767 4103 eu
819 4050 974 4102 censorium
996 4067 1108 4115 nomem,
1131 4050 1184 4102 wie
1206 4051 1222 4113 §
1239 4052 1271 4100 56
1293 4067 1353 4100 eom

236 4117 351 4169 Grunde
364 4117 512 4182 gericbtet3
530 4121 609 4170 esitii
625 4121 769 4185 solacium,
820 4116 889 4170 nach
900 4119 1062 4186 pecuniam,
1081 4118 1145 4171 hebt
1155 4117 1206 4169 deu
1219 4117 1353 4169 Controst

235 4183 265 4236 in
294 4185 341 4237 der
371 4183 584 4252 Verurtheilung
611 4186 686 4239 ihrer
714 4187 776 4239 Be-
820 4185 929 4238 beruor.

235 4251 361 4306 driicker.
633 4259 640 4293 i
853 4256 869 4318 ἕ
881 4257 904 4306 9.
924 4253 1038 4306 libidine
1050 4277 1083 4297 =
1096 4254 1207 4305 licentio
1221 4255 1294 4317 §513
1309 4254 1355 4318 os·
