3004 4890
438 337 477 394 ut
495 345 528 406 o.
546 339 750 396 caperemur
768 340 913 398 onemo.
1194 334 1236 408 33

120 519 222 592 putas,
256 512 307 590 qui
335 529 395 573 non
422 511 505 574 malit
532 519 561 574 te
589 511 653 575 sine
679 513 893 592 vituperatione
916 531 1003 594 quam
1026 531 1092 575 cum
1123 513 1237 576 scelere

121 596 292 658 discedere?

204 680 279 742 xix.
302 677 354 742 61.
378 684 419 743 Ac
441 681 520 752 vide,
549 683 619 763 quid
642 683 759 745 dillerat
779 684 857 745 inter
879 701 975 746 meam
1004 683 1175 763 opinionem
1198 693 1286 759 ac61

120 773 210 828 tuam.
254 763 299 826 Tu
321 783 413 846 quum
436 766 573 830 omnibus
594 767 685 830 rebus
706 767 831 828 inferior
852 769 907 839 sis,
940 767 997 828 bac
1018 785 1076 829 una
1098 768 1128 828 in
1150 784 1184 828 re
1206 776 1235 828 te

120 851 193 912 mihi
215 851 358 912 anteferri
379 857 464 929 putas
486 860 639 932 oportere,
671 852 750 930 quod
773 860 911 931 quaestor
932 851 1010 913 illius
1033 852 1142 920 lueris;
1171 869 1236 930 ego,

53 959 55 963 ·
120 935 145 994 si
165 936 300 1014 superior
323 937 448 997 caeteris
469 937 560 998 rebus
582 955 679 1008 esses,
706 937 784 999 hanc
806 955 895 999 unam
917 936 955 1001 ob
980 953 1097 998 causam
1120 941 1149 996 te
1174 935 1238 1016 [ac-

120 1019 302 1100 cusatorem]
326 1020 478 1099 repudiari
505 1031 642 1101 putarem
670 1031 818 1102 oportere.
864 1021 913 1084 Sic
935 1023 1014 1083 euim
1036 1040 1052 1082 a
1074 1021 1238 1082 maioribus

119 1105 229 1165 nostris
251 1105 432 1185 accepimus,
464 1113 632 1184 praetorem
660 1108 810 1188 quaestori
833 1125 887 1168 suo
914 1107 1050 1186 parentis
1073 1105 1140 1167 loco
1172 1123 1237 1167 esse

120 1197 274 1269 oportere;
306 1187 416 1251 nullam
439 1207 535 1268 neque
560 1192 715 1254 iustiorem
738 1209 836 1271 neque
857 1192 1022 1270 graviorem
1044 1207 1163 1252 causam
1185 1207 1238 1250 ne·

120 1272 307 1336 cessitudinis
322 1292 410 1353 posse
432 1277 558 1354 reperiri
580 1296 668 1356 quam
684 1277 924 1338 coniunctionem
939 1277 1041 1344 sortis,
1086 1293 1152 1337 uam
1167 1292 1237 1358 pro·

122 1360 245 1429 vinciae,
263 1376 350 1438 quam
366 1359 462 1430 officii,
479 1379 567 1440 quarn
582 1359 694 1441 publici
708 1361 841 1423 muneris
855 1361 1036 1422 societatem.
1064 1295 1115 1421 32.
1129 1358 1236 1431 Quam·
1246 1371 1288 1436 62

120 1442 224 1504 obrem
258 1446 283 1504 si
314 1444 380 1505 iure
412 1462 515 1522 posses
548 1463 616 1507 eum
648 1463 804 1518 accusare,
845 1455 957 1514 tamen,
997 1463 1087 1524 quum
1120 1445 1146 1504 is
1184 1443 1238 1504 tibi

120 1529 253 1606 parentis
275 1546 402 1589 numero
425 1529 542 1602 luisset,
569 1531 600 1592 id
622 1531 671 1611 pie
693 1531 792 1593 lacere
820 1547 880 1593 non
902 1547 1018 1610 posses:
1052 1547 1143 1610 quum
1166 1545 1236 1590 vero

118 1615 215 1692 neque
236 1614 373 1674 iniuriam
397 1616 548 1692 acceperis
576 1624 606 1676 et
632 1617 764 1694 praetori
793 1625 842 1677 tue
872 1614 1037 1695 periculum
1065 1631 1165 1684 crees,
1194 1613 1237 1674 la·

43 1767 46 1774 ¹
119 1697 208 1758 tearis
236 1716 359 1760 neccsse
392 1708 437 1760 est
464 1707 494 1760 te
521 1698 563 1761 illi
596 1701 736 1762 iniustum
764 1701 945 1780 impiumque
977 1697 1088 1760 bellum
1122 1697 1236 1760 inferre

121 1783 230 1845 conari.
275 1782 391 1844 Etenim
415 1785 469 1844 ista
492 1791 649 1864 quaestura
671 1785 707 1846 ad
730 1802 795 1848 eam
817 1802 882 1846 rem
904 1782 995 1853 valet,
1024 1790 1058 1846 ut
1080 1781 1237 1844 elaboran-

120 1866 190 1927 dum
213 1866 266 1927 tibi
288 1869 317 1927 in
340 1870 456 1930 ratione
478 1869 628 1932 reddenda
651 1872 703 1940 sit,
726 1868 920 1949 quamobrem
942 1869 993 1948 qui
1015 1874 1154 1947 quaestor
1174 1868 1238 1927 eius

119 1950 211 2012 lucris
234 1969 371 2023 accuses,
404 1969 463 2014 uon
485 1959 518 2015 ut
541 1954 578 2014 ob
602 1973 666 2015 eam
687 1956 783 2034 ipsam
806 1970 925 2015 causam
951 1951 1160 2031 postulandum
1189 1953 1236 2020 sit,

119 2043 152 2096 ut
172 2034 227 2097 tibi
248 2038 433 2115 potissimum
456 2039 603 2100 accusatio
625 2039 721 2100 detur.
766 2039 868 2118 Neque
898 2038 962 2100 lere
990 2054 1130 2118 umquam
1158 2037 1238 2098 venit

118 2122 148 2180 in
171 2121 390 2182 contentionem
411 2122 448 2183 de
471 2123 637 2198 accusando
660 2125 711 2204 qui
734 2132 874 2204 quaestor
896 2123 1013 2193 luisset,
1048 2123 1118 2201 quin
1147 2139 1236 2200 repu·
1379 2167 1381 2174 .

119 2205 258 2267 diaretur.
281 2203 332 2268 63.
355 2207 457 2288 ltaque
479 2225 576 2286 neque
598 2208 631 2270 L.
655 2207 771 2270 Philoni
797 2210 828 2269 iu
857 2208 887 2270 C.
919 2207 1074 2269 Servilium
1108 2207 1236 2267 nominis
1246 2215 1288 2280 63
1354 2273 1355 2276 Ἴ

118 2288 272 2351 deserendi
287 2298 416 2370 potestas
432 2299 476 2354 est
490 2292 557 2354 data
573 2310 669 2373 neque
684 2293 722 2353 ll.
739 2291 858 2354 Aurelio
874 2293 987 2354 Scauro
1000 2293 1032 2352 in
1047 2290 1080 2352 L.
1095 2287 1235 2352 Flaccum

117 2391 214 2453 neque
237 2375 287 2438 Cn.
311 2376 452 2455 Pompeio
475 2377 505 2438 iu
527 2377 561 2439 T.
584 2375 754 2446 Albucium
781 2395 908 2458 quorum
931 2394 1019 2438 nemo
1041 2383 1166 2456 propter
1188 2377 1233 2436 in-

117 2541 201 2594 wfirts
215 2543 344 2610 dubium,
356 2551 459 2596 certum
471 2551 513 2596 est
525 2545 566 2611 de,
581 2561 607 2600 e.
620 2544 653 2599 Β.
739 2547 810 2608 862.
833 2545 910 2611 iure,
929 2541 1045 2595 udmlich
1063 2549 1175 2610 occepta
1193 2543 1238 2594 in-

117 2610 184 2660 Acc.
196 2614 213 2662 4
225 2612 241 2672 §
253 2614 299 2662 91:
313 2629 360 2664 cos
373 2612 483 2665 litteras
496 2613 653 2680 deportavi,
704 2613 854 2678 inric§64‚
864 2612 1017 2666 ulciscendi
1025 2627 1121 2677 cauca,
1131 2608 1235 2665 s.Ilinl.

116 2684 150 2728 nt
163 2677 196 2728 de
207 2677 292 2731 istius
306 2681 382 2745 fecto
399 2680 514 2734 dubiem
531 2697 589 2732 esee
605 2697 654 2732 ne·
705 2679 786 2734 Anni.
799 2683 842 2732 22.

116 2745 295 2812 minipoeeit.
738 2765 873 2814 neque-
891 2754 918 2798 et
938 2750 1061 2798 ersetzeu
1083 2744 1136 2797 wir
1150 2743 1238 2796 durch

151 2812 199 2878 qni
218 2829 275 2864 non
292 2814 373 2864 malit
384 2840 416 2851 -
430 2812 487 2865 und
502 2813 545 2866 dir·
556 2813 653 2867 derum
704 2814 765 2867 eine
778 2812 949 2867 adversative
960 2811 1149 2878 Verbindung.

117 2878 166 2931 das
178 2878 385 2946 Anklegerecht
396 2881 569 2948 verweigert.
738 2883 786 2950 qui
803 2899 850 2949 qn.
863 2901 885 2938 c.
902 2883 1007 2948 fueris,
1026 2879 1073 2932 ‘dc
1090 2879 1127 2933 du
1144 2879 1236 2933 doch'.

150 2946 226 3002 XIX.
246 2951 262 3011 §
275 2951 316 3001 61.
334 2951 374 3000 Ac
386 2949 448 3000 uide
460 2949 496 3001 im
514 2949 652 3002 lehhalteu
704 2951 736 3004 C.
749 2951 867 3003 beuutzt
878 2948 925 3002 des
939 2947 1073 3001 Caecilius
1087 2948 1200 3014 Grund,
1216 2965 1239 3001 s.

116 3014 303 3082 Fortschritc,
315 3015 383 3068 ‘und
396 3023 474 3069 nun’.
704 3023 720 3081 ,6
740 3022 782 3085 60,
797 3021 841 3084 61,
858 3017 898 3070 als
917 3014 1134 3084 Zugesttindniss
1150 3031 1239 3083 gagen

151 3084 204 3135 bac
220 3100 280 3135 unu
296 3084 326 3135 in
339 3101 378 3150 re,
397 3084 438 3135 ‘in
454 3083 555 3138 diesem
572 3086 652 3138 einen
703 3085 761 3138 ihn.

16 3179 19 3232 ζ
116 3150 235 3202 Punht’.
258 3152 296 3203 So
313 3151 400 3204 findet
420 3152 479 3204 sich
500 3153 652 3206 meuchmal
737 3171 849 3207 accuses
868 3153 913 3206 thr
931 3169 1064 3205 accusare
1082 3153 1165 3218 celis,
1190 3150 1239 3204 mit

116 3221 287 3285 antecedere,
298 3220 469 3287 antecellere,
476 3223 593 3288 antcire,
601 3238 653 3273 cn·
704 3221 787 3274 leicht
798 3219 1024 3275 verstdndlichem
1039 3219 1148 3286 Object.

115 3293 236 3352 testare,
252 3289 431 3406 praecedere,
456 3296 602 3355 proestare
621 3289 652 3340 in
737 3293 811 3354 563.
841 3288 903 3342 Von
926 3287 979 3340 den
1002 3286 1149 3354 folgenden
1173 3285 1238 3338 Bei-

117 3371 148 3404 re
164 3353 236 3406 stet't
270 3371 297 3408 es
314 3354 552 3422 gewdhnlicheren
567 3355 651 3408 Abla·
703 3355 807 3424 spielen
824 3356 861 3410 ist
879 3372 932 3408 nur
949 3354 997 3407 das
1016 3355 1098 3407 letcte
1118 3369 1240 3420 geucuer

116 3420 179 3475 tivs.
703 3425 833 3477 bekannt.
857 3421 1240 3491 Cn.PompeiusStrabc,der

151 3491 652 3558 praetoremqnaectorc’etc.,weildie-
703 3491 789 3544 Vater
797 3490 994 3559 desPompeins
1005 3490 1135 3558 Magnus,
1145 3488 1239 3543 wollte

116 3575 162 3611 ser
175 3562 257 3611 unter
273 3557 322 3610 der
333 3557 453 3626 Leitung
469 3559 515 3612 des
533 3559 651 3612 anderen
703 3560 740 3612 im
757 3559 783 3613 J.
797 3563 846 3614 103
862 3559 915 3611 den
932 3559 966 3610 T.
981 3557 1127 3624 Albucius,
1144 3557 1239 3609 descen

117 3626 193 3677 scine
205 3625 520 3680 dffentlicheLaufbahn
532 3627 651 3694 begann.
705 3628 845 3691 Quaestor
862 3644 891 3680 er
903 3627 933 3679 in
946 3625 1093 3680 Sardinicu
1111 3640 1238 3692 gewesen

116 3693 179 3744 Wie
195 3692 233 3745 im
250 3693 411 3761 Folgenden
433 3693 478 3746 die
499 3694 560 3746 eine
577 3693 653 3746 Seite
703 3712 777 3762 wer,
798 3711 894 3762 wegen
910 3694 1123 3763 Erpressungeu
1143 3689 1238 3743 beleu-

116 3761 204 3814 ‹lieser
225 3778 313 3830 engen
334 3762 494 3829 Beziehung
516 3761 652 3828 durchge-
704 3779 771 3830 gen,
784 3763 914 3830 unterlag
926 3761 1027 3816 eberin
1039 3761 1088 3812 der
1100 3760 1239 3813 divinatio

116 3829 196 3881 iirbrt
216 3828 267 3896 ist,
288 3848 317 3883 so
339 3830 429 3884 haben
445 3829 498 3884 wir
515 3829 584 3884 euch
602 3846 652 3881 au·
703 3826 1238 3898 gegenC.JuliueCaeserStrebo,einen

117 3895 262 3950 dererseits
293 3898 440 3979 Beispiele‚
475 3897 536 3951 dees
567 3897 653 3950 dltere
703 3899 733 3950 in
743 3899 823 3966 jener
832 3896 895 3950 Zeit
906 3896 1057 3961 beliebten,
1071 3893 1239 3946 nementlich

117 3963 283 4032 Magistrate
292 3964 350 4019 sich
360 3983 389 4018 in
399 3965 470 4018 allen
481 3965 652 4034 Angelegen·
703 3965 790 4018 durch
824 3965 919 4018 seinen
952 3963 1028 4016 Witz
1067 3960 1238 4030 glanzenden

117 4032 430 4086 heitenibresfrdheren
442 4034 592 4097 Quaestors
602 4049 652 4086 an·
703 4033 829 4100 Redner,
850 4033 928 4085 Brut.
944 4035 960 4096 5
974 4035 1033 4097 t‘l‘l,
1050 4029 1103 4082 den
1121 4029 1179 4082 sich
1196 4029 1239 4082 die

118 4100 244 4154 nahmen.
269 4101 375 4184 Becher
386 4101 421 4154 R.
432 4101 488 4182 Alt.
500 4106 516 4156 2
526 4102 543 4153 b
555 4119 582 4170 p.
592 4105 652 4181 668,
704 4100 806 4154 Sardes
816 4117 877 4152 zum
886 4100 992 4152 Patron
1002 4098 1123 4179 gewfihlt
1132 4097 1238 4178 hatten,

116 4169 654 4316 dapqugppordrrrcpiqpeilgrgzmzpssppnpp
704 4167 1239 4290 dith'sffiilssn§cffirierrchhhlhthcdfl'h‘uhhqh

117 4303 296 4358 chrestischer
307 4304 445 4372 Stellung.
706 4308 721 4368 §
735 4308 791 4357 108.

168 4399 303 4446 Richter.
317 4399 417 4440 cicero's
432 4398 504 4440 divin.
1018 4393 1034 4439 3
