3004 4890
221 256 264 320 32
585 258 623 306 Μ.
636 255 765 308 runnu
784 254 977 308 crouuoms

222 427 307 488 citur.
353 426 386 486 Si
407 433 439 487 tu
462 443 528 486 cum
552 423 602 484 iilo
624 431 726 504 postea
748 427 779 487 iu
802 427 925 504 gratiam
947 426 1065 496 redisti,
1100 427 1124 487 si
1153 426 1233 488 domi
1261 425 1341 490 iilius

222 511 398 590 aliquotiens
421 510 513 580 fuisti,
542 511 568 569 si
590 507 638 569 ilie
661 510 739 588 apud
762 517 791 571 te
813 518 914 590 postea
938 512 1066 580 cenavit,
1098 517 1197 572 utrum
1220 517 1341 592 teper-

221 593 356 656 fidiosum
381 613 416 655 au
447 595 714 673 praevaricatorem
743 595 907 655 existimari
934 596 1044 655 mavis?
1075 594 1166 656 Video
1197 613 1262 656 esse
1291 615 1344 658 ue-

222 678 504 755 cesseaiterutrum,
543 679 595 739 sed
610 696 664 756 ego
678 687 776 741 tecum
796 681 826 739 iu
852 697 886 739 eo
909 697 968 739 non
988 678 1142 758 pugnabo,
1166 682 1344 759 quominus

168 759 323 824 oestrum
346 761 416 824 velis
439 763 537 841 eligas,
561 759 611 824 59.
637 763 747 834 Quodsi
770 781 807 822 ne
830 764 955 824 iniuriae
976 765 1110 841 quidem,
1134 782 1209 845 quae
1233 764 1286 825 tibi
1302 764 1339 826 ab

220 847 271 908 iilo
295 848 369 908 iacta
392 849 445 917 sit,
481 865 568 908 eausa
595 845 743 917 remanet,
779 847 849 927 quid
878 847 969 908 habes
1000 848 1078 926 quod
1106 849 1201 925 possis
1228 849 1339 919 dicere,

193 927 196 933 ’
221 931 417 1012 quemobrem
440 948 499 992 non
522 932 609 992 modo
632 932 720 1003 mihi,
744 931 796 993 sed
812 933 947 1012 cuiquam
971 933 1170 1011 anteponarei
1194 935 1250 993 nisi
1266 932 1343 994 sorte

221 1015 311 1084 iliud,
343 1016 421 1096 quod
451 1016 597 1077 dicturum
627 1023 656 1076 te
684 1035 750 1076 esse
778 1017 882 1087 audio,
918 1023 1105 1094 quaestorem
1133 1015 1211 1077 illius
1239 1017 1341 1082 fuisse.

221 1099 302 1171 Quae
326 1117 411 1161 causa
436 1101 533 1177 gravis
556 1107 648 1169 esset,
680 1102 705 1160 si
728 1108 859 1162 certares
882 1119 1012 1171 mecum,
1047 1108 1113 1161 uter
1136 1109 1269 1162 nostrum
1299 1099 1341 1161 iiii

221 1185 345 1245 amicior
368 1203 432 1246 esse
455 1183 592 1252 deberem
626 1187 656 1244 in
679 1185 869 1246 contentione
892 1185 1147 1264 suscipiendarum
1175 1187 1342 1246 inimicitia·

219 1287 288 1332 rum
310 1266 469 1330 ridiculum
492 1277 537 1329 est
558 1275 678 1348 putere,
703 1287 821 1330 causam
844 1269 1071 1331 necessitudinis
1092 1270 1127 1331 ad
1148 1270 1337 1332 inserendum

168 1348 213 1412 60
223 1352 388 1432 periculum
410 1354 519 1414 iustam
542 1353 635 1413 rideri
658 1360 807 1432 oportere.
831 1351 882 1415 60.
906 1353 1021 1414 Etenim
1046 1357 1072 1415 si
1094 1351 1236 1433 plurimas
1258 1363 1341 1415 atuo

222 1445 361 1514 praetore
383 1437 506 1498 iniurias
529 1439 709 1516 accepisses,
732 1445 831 1498 tamen
854 1456 904 1498 eas
926 1437 1049 1498 serendo
1065 1439 1207 1500 maiorem
1224 1437 1342 1500 laudem

221 1537 309 1600 quam
344 1519 515 1583 ulciscendo
550 1539 717 1590 mererere:
752 1541 842 1602 quum
871 1539 939 1582 vero
974 1522 1087 1583 nulium
1123 1521 1201 1584 iilius
1227 1524 1256 1582 in
1284 1525 1343 1582 vita

221 1606 332 1666 rectius
355 1605 463 1667 iactum
488 1607 525 1665 sit
546 1624 635 1687 quam
656 1605 687 1666 id
709 1606 788 1686 quod
818 1615 850 1667 tu
871 1607 1010 1668 iniuriam
1038 1606 1182 1686 appellas
1220 1607 1252 1666 hi
1280 1616 1341 1668 sta·

221 1696 305 1749 tuent
326 1690 404 1750 hano
427 1708 558 1762 causam,
589 1707 676 1767 quam
700 1707 737 1750 ne
760 1691 789 1750 in
811 1689 868 1750 alio
892 1691 1011 1770 quidem
1031 1690 1215 1770 probarent,
1249 1692 1280 1752 iu
1308 1699 1338 1752 te

222 1765 328 1834 iustam
351 1773 387 1834 ad
410 1774 658 1835 necessitudinem
681 1773 848 1836 violandam
870 1775 981 1835 videri?
1008 1777 1059 1856 qui
1081 1777 1107 1836 si
1128 1769 1273 1837 sumniam
1296 1777 1341 1836 in·

219 1859 326 1919 iuriam
350 1858 386 1918 ab
415 1857 466 1919 ilio
496 1860 650 1938 accepisti,
679 1865 793 1928 tamen,
823 1859 962 1937 quoniam
993 1868 1131 1938 quaestor
1159 1860 1221 1920 eius
1250 1860 1340 1930 suisti,

220 1959 281 2002 non
309 1951 396 2021 potes
426 1961 492 2004 eum
522 1945 585 2004 sine
614 1943 672 2003 ulia
700 1945 916 2023 vituperatione
946 1962 1101 2013 accusare;
1132 1946 1156 2004 si
1182 1962 1253 2004 vero
1281 1961 1341 2004 non

220 2024 281 2086 ulia
303 2027 357 2087 tibi
379 2028 453 2087 iacta
478 2035 522 2088 est
543 2029 669 2097 iniuria,
693 2031 757 2089 sine
780 2027 893 2088 sceiere
916 2047 981 2090 eum
1005 2045 1145 2088 accusare
1168 2047 1227 2088 nou
1242 2034 1339 2104 potes.

223 2109 321 2180 Quare
352 2129 443 2190 quum
471 2113 618 2172 incertum
650 2113 688 2172 sit
715 2111 752 2172 de
780 2115 901 2183 iniuria,
935 2129 1112 2192 quemquam
1141 2113 1247 2174 horum
1276 2130 1342 2174 esse

254 2310 434 2376 perfidiosum
451 2310 489 2362 als
502 2309 617 2363 F'reuud
628 2310 673 2364 des
686 2311 755 2362 Ver·

220 2379 559 2496 ffi‘sfflgvnmwmm
583 2377 622 2432 als
643 2379 755 2431 Anwalt

255 2529 285 2578 iu
303 2545 333 2578 eo
350 2545 407 2578 non
423 2531 569 2594 puquado:
584 2530 755 2584 underwiirts

222 2593 293 2646 auch
306 2595 365 2658 iroe,
378 2596 562 2664 iltudpupuo,
575 2605 616 2659 ut,
629 2615 674 2664 ue,
686 2598 756 2649 auch

221 2661 293 2714 ohne
306 2661 418 2715 Zusatz.

254 2733 271 2794 §
284 2735 326 2782 59.
355 2731 479 2782 iniuriae
500 2749 601 2798 causa,
626 2732 670 2784 ein
693 2747 755 2798 geu.

221 2797 433 2865 appositionelis
449 2798 619 2866 Negeisbach
641 2799 675 2855 L.
692 2799 755 2853 sul.

220 2883 247 2932 p.
260 2868 321 2931 274,
338 2865 389 2916 wie
408 2866 526 2918 nachlrer
541 2868 756 2920 necessitudinis

221 2951 344 2984 causum.
375 2933 437 2984 wir
457 2935 591 2986 sondern:
616 2935 671 2986 ‘ein
694 2935 754 2987 Un-

221 2999 299 3050 recht
311 2999 351 3051 als
365 3001 463 3052 Grund
476 3019 527 3054 zur
539 3002 648 3068 Kiage’.

222 3089 754 3205 ,tt'tttt’tattaiiidt‘ttttt

221 3215 369 3286 spechen,
387 3219 444 3285 egi.
460 3222 532 3272 dices
549 3223 565 3284 §
582 3225 614 3272 12
633 3220 689 3272 und
706 3225 753 3284 523

221 3293 393 3350 quaestorem
410 3315 444 3324 -
465 3290 571 3354 fuisse,
593 3305 616 3342 s.
636 3289 711 3340 itini.
731 3294 754 3340 ’1.

221 3351 277 3404 Des
289 3351 444 3407 Pronomeu
462 3364 488 3406 te
505 3357 581 3408 kann
597 3355 656 3409 hier
673 3347 757 3409 deicht

221 3418 483 3486 entbehrtwerden,
495 3422 530 3474 de
538 3441 567 3476 es
578 3424 756 3478 unmittslbar

221 3485 400 3552 vorhergeht‚
417 3488 470 3540 wie
487 3491 551 3542 Ace.
572 3497 587 3544 3
605 3496 620 3554 S
637 3497 683 3544 322
703 3493 756 3544 iru-

221 3555 315 3607 dus'sse
325 3563 351 3605 te
369 3556 487 3608 edictum
500 3567 708 3625 recuperatores
724 3562 755 3611 in

222 3623 362 3689 octuplum
375 3625 518 3676 daturum.

255 3706 286 3757 s'n
314 3725 335 3760 e.
365 3709 609 3776 suscipiendarum
636 3709 755 3762 inimici·

221 3773 342 3825 tiorum.-
360 3773 408 3827 dos
420 3774 457 3827 ist
470 3776 502 3842 ja
513 3775 574 3828 eine
590 3795 613 3830 c.
628 3779 661 3828 de
674 3795 756 3829 oecu-

221 3843 393 3907 sando§62.

255 3925 271 3986 ἕ
282 3926 324 3976 60.
347 3929 462 3990 serendo
475 3957 507 3966 «-
520 3947 665 3980 mererere:
684 3945 756 3981 war-

223 4005 282 4055 um,
294 3997 358 4056 sagt
370 3998 385 4054 §
399 3997 441 4047 61.

255 4058 334 4109 illius
346 4060 445 4126 gehdrt
461 4079 496 4114 zu
507 4066 629 4129 famum,-
640 4066 671 4117 in
684 4066 753 4128 uita,

221 4124 275 4176 wie
287 4125 348 4178 Act.
361 4133 372 4178 l
388 4131 404 4192 5
415 4131 430 4180 5
443 4133 524 4182 semet
536 4133 566 4182 iu
579 4134 647 4197 uita,
662 4131 725 4184 Ace.
740 4135 755 4185 3

221 4195 237 4257 S
251 4197 300 4248 213
312 4196 384 4248 nitu
396 4197 426 4248 iu
439 4198 497 4249 vita
510 4215 538 4250 sc
550 4200 639 4252 simile
649 4201 755 4264 fecisse.

806 2311 878 2366 Eine
892 2309 992 2363 andere
1002 2307 1130 2377 Stellung
1146 2311 1184 2362 ‘in
1198 2309 1271 2363 iilius
1281 2309 1342 2363 vite

808 2378 923 2431 nuilum’
937 2377 1100 2431 verdunkeit
1111 2377 1201 2432 diesen
1215 2379 1293 2431 Sina.

841 2465 876 2498 ne
888 2474 920 2485 -
932 2448 1056 2514 quidem,
1074 2445 1125 2498 wie
1137 2452 1152 2508 §¹
1164 2452 1209 2504 44;
1229 2449 1259 2500 iu
1275 2446 1340 2507 ulio,

807 2514 856 2565 der
875 2513 950 2566 nicht
965 2513 1011 2566 des
1025 2513 1123 2566 Verres
1141 2514 1278 2577 Quaestor
1293 2525 1340 2580 ge·

807 2599 905 2634 wesen.

841 2650 866 2700 si
890 2649 1034 2716 occepisti,
1065 2648 1143 2700 nicht
1165 2653 1237 2700 etna
1265 2664 1341 2698 ocoe-

807 2718 911 2785 pisses‚
928 2715 980 2768 wie
992 2716 1105 2781 vorher;
1123 2716 1195 2768 dena
1212 2714 1241 2766 in
1253 2713 1342 2766 dieser

807 2783 1041 2836 dilemmatischen
1066 2785 1161 2837 Forma
1190 2791 1242 2834 out
1264 2800 1339 2834 ucce-

806 2853 891 2918 pisti,¹
911 2860 963 2904 aut
979 2869 1036 2903 nou
1053 2853 1198 2918 accepisti5
1219 2851 1243 2902 si
1265 2867 1340 2900 aece-

827 2920 875 2970 s'sts'
888 2947 920 2956 -—
933 2921 958 2968 si
969 2936 1026 2970 uon
1044 2920 1175 2984 accepisti
1187 2921 1218 2954 -'·
1231 2915 1342 2968 werden

807 2937 883 3036 Keide
899 2985 996 3036 Theiie
1015 2985 1055 3037 ais
1072 2984 1197 3038 wirkiich
1218 2993 1340 3051 ,gesetut3

805 3051 861 3118 rgl.
874 3050 910 3103 ad
921 3053 986 3103 Her.
999 3055 1042 3116 45
1056 3056 1099 3118 52,
1117 3053 1150 3104 de
1167 3053 1221 3103 inv.
1238 3059 1249 3103 l
1267 3056 1339 3114 §45.

841 3121 902 3171 eine
918 3121 980 3171 utta
996 3139 1022 3172 o.
1038 3119 1122 3172 ‘ohne
1137 3118 1234 3186 irgend
1250 3119 1341 3184 einen,

807 3203 879 3254 gana
892 3187 984 3242 ohne‘.
1007 3187 1087 3240 Nacir
1103 3187 1152 3240 der
1165 3185 1341 3253 Verneinnng

807 3255 911 3307 kdnute
923 3271 985 3306 man
1002 3255 1062 3307 sine
1078 3257 1175 3322 aliquo
1192 3262 1339 3322 erwarten,

807 3341 828 3376 s.
840 3323 943 3390 Zumpt
953 3325 1001 3373 Gr.
1014 3325 1099 3384 §7093
1114 3323 1177 3374 aber
1186 3321 1242 3372 dies
1254 3321 1341 3374 hiesse

808 3389 890 3442 ‘ohne
902 3389 1031 3456 einigen’.
1055 3389 1117 3456 Vgr.
1131 3390 1163 3442 de
1176 3389 1223 3443 off.
1237 3393 1253 3440 2
1267 3392 1339 3452 540:

807 3459 888 3509 euius
906 3457 1061 3524 (iustitiae)
1079 3467 1161 3509 tanta
1178 3459 1220 3508 uis
1237 3465 1290 3520 est,
1309 3464 1342 3508 ut

806 3543 841 3576 ue
853 3526 896 3576 ult
909 3525 1030 3593 quidem,
1045 3527 1093 3594 qui
1104 3526 1236 3592 maleficio
1249 3533 1275 3574 et
1285 3542 1341 3576 see·

807 3594 861 3644 lere
879 3601 1046 3658 poscuntur,
1068 3593 1177 3661 possint
1199 3593 1259 3644 sine
1282 3593 1341 3644 ulto

806 3661 949 3728 particula
962 3661 1089 3711 iustitiae
1100 3662 1199 3711 uivere.

842 3745 899 3779 non
913 3729 973 3780 uita
984 3727 1030 3780 fair
1042 3728 1122 3778 nullu
1134 3727 1171 3778 im
1184 3728 1341 3793 Gegensata

809 3813 843 3848 zu
867 3812 1014 3858 summum,
1039 3793 1129 3845 ‘nicht
1151 3794 1249 3860 irgend
1274 3795 1342 3860 eius,

808 3879 881 3931 ganz
895 3861 950 3912 und
962 3877 1013 3928 gar
1024 3860 1130 3925 keins’3
1148 3861 1204 3928 vgi.
1216 3861 1250 3912 de
1264 3863 1311 3913 iint
1326 3867 1341 3916 3

807 3936 822 3994 §
835 3935 881 3983 50:
899 3930 1027 3996 deinceps
1040 3931 1198 3996 explicatur
1211 3933 1341 3996 differen-

806 3999 848 4050 tia
861 4014 967 4058 rerum,
982 4015 1064 4064 quum
1077 3998 1102 4048 si
1114 4015 1170 4049 nou
1184 3999 1271 4050 ultam
1284 4015 1342 4048 esse

807 4066 974 4131 diceremus,
1001 4067 1222 4130 confunderetur
1251 4065 1340 4116 omnis

807 4133 874 4184 uita.

840 4200 975 4252 incertum
993 4200 1031 4252 sit
1051 4202 1084 4253 de
1101 4228 1148 4268 -‚
1170 4197 1222 4250 wie
1239 4197 1341 4251 ander-
